2464 3896
94 300 107 346 1
128 300 164 346 14
893 303 928 354 33

116 468 130 512 1
172 443 252 508 dum
280 443 342 508 tibi
370 466 467 528 super
496 443 617 509 iudicia
645 446 786 512 iustitiae
814 455 925 528 tuae;“

106 569 130 618 ,2
172 557 207 612 et
234 548 268 612 in
290 546 403 612 Iudith
432 549 616 622 continetur
643 551 689 614 ita
713 550 928 632 „induxerunt

115 673 131 717 3
170 651 262 714 illam
285 652 369 716 servi
388 649 552 718 Olofernis
575 654 609 718 in
631 653 874 723 tabernaculum
896 666 928 721 et
997 653 999 658 ’

114 775 132 819 4
171 753 326 820 dormivit
348 777 450 839 usque
466 755 508 820 ad
523 757 662 822 mediam
677 763 835 823 noctem.“
870 760 928 825 sed

115 879 130 922 5
171 868 206 922 et
229 867 343 922 auctor
368 861 454 924 vitae
479 857 629 926 Christus
660 861 712 926 dei
740 863 825 927 filius
848 862 927 929 deus

115 980 130 1024 c
170 971 283 1027 noster
305 963 508 1048 omnipotens
530 965 564 1028 in
585 966 747 1051 parabolis
763 989 856 1031 suum
870 991 928 1052 per

116 1083 132 1126 7
171 1067 337 1150 eloquium
360 1068 405 1130 ait
430 1067 556 1148 „media
577 1079 672 1134 nocte
688 1071 808 1134 clamor
822 1071 926 1136 iactus

116 1185 132 1230 8
171 1180 234 1252 est,
250 1191 326 1234 ecce
344 1193 482 1255 sponsus
498 1173 597 1254 venit,
620 1173 706 1238 exite
721 1157 850 1239 obviam
860 1176 925 1240 ei.“

116 1290 131 1334 9
169 1299 248 1338 nam
264 1274 344 1338 etin
355 1273 496 1338 Actibus
513 1277 730 1360 apostolorum
747 1281 927 1344 continetur

98 1395 131 1440 10
172 1377 302 1460 „media
323 1387 419 1442 nocte
442 1377 584 1444 Paulus“
610 1403 738 1464 quoque
767 1391 820 1463 „et
842 1381 927 1448 Silas

98 1499 134 1542 11*
169 1481 343 1547 adorantes
371 1479 548 1548 laudabant
576 1481 763 1548 dominum“
793 1494 826 1549 et
853 1488 927 1552 reli-

98 1605 131 1650 12
169 1609 246 1670 qua.
292 1595 324 1650 et
347 1585 375 1650 si
397 1585 513 1668 aliquis
537 1585 654 1652 dixerit
670 1587 824 1671 quianon
839 1612 926 1656 rece-

99 1708 131 1753 13
168 1691 256 1776 perit
276 1691 310 1754 in
333 1697 448 1753 sancta
469 1691 630 1774 scriptura
658 1699 749 1756 sexta
773 1693 826 1756 vel
848 1717 926 1778 qua-

98 1812 132 1856 14
167 1793 250 1858 libet
261 1795 342 1858 hora
352 1815 418 1856 una
428 1815 469 1856 ex
480 1791 651 1858 duodecim
659 1793 808 1860 horarum
821 1799 924 1862 noctis

99 1915 130 1960 15
169 1897 357 1982 supputatio
379 1896 443 1960 nisi
463 1896 688 1960 tantummodo
710 1897 816 1962 media
830 1910 935 1984 nocte

99 2023 130 2067 1e
152 2009 208 2064 'ut
227 2000 409 2086 praefatmn
430 2008 481 2064 est
502 2001 671 2064 asseritur:
695 2000 737 2064 ad
759 2024 854 2085 quem
875 2027 924 2068 re-

16 2131 17 2138 *
98 2126 130 2169 11
169 2103 377 2189 spondemus,
406 2103 570 2188 quomodo
592 2125 765 2189 possumus
787 2105 924 2171 mediam

98 2228 130 2273 18
169 2229 365 2294 cognoscere
388 2217 536 2290 noctem,
563 2209 626 2274 nisi
656 2207 924 2291 quemadmodum

98 2331 129 2374 19
167 2335 227 2396 per
248 2320 374 2376 sextam
395 2312 509 2376 horam
537 2311 784 2377 determinavit?
817 2314 864 2378 ita
892 2325 924 2379 et

98 2436 130 2480 ao
167 2415 397 2499 sapientissimi
413 2417 475 2480 viri
497 2415 649 2501 prudenti
672 2415 803 2480 arbitrio
818 2417 925 2484 media

98 2539 129 2583 21
167 2541 234 2582 nox
255 2518 308 2582 vel
330 2527 423 2584 sexta
444 2519 525 2584 hora
546 2519 629 2584 bene
658 2521 861 2604 aestimatur,
891 2533 924 2588 et

170 2708 184 2752 1
211 2707 305 2753 iusticie
323 2707 354 2753 B.
409 2707 597 2766 acontinetr,
617 2707 778 2755 cotineturB.
833 2709 923 2755 3Ηο-

167 2777 266 2824 lofernis
291 2778 355 2824 editi.
446 2779 460 2825 5
486 2784 510 2824 et
533 2793 578 2824 om.
598 2779 621 2824 B
639 2779 704 2825 editi.
796 2781 810 2825 7
843 2781 923 2826 media

166 2855 239 2894 nocto
266 2848 369 2906 clamor]
396 2849 485 2896 Marta.
515 2849 548 2895 25
572 2851 597 2896 6.
713 2851 727 2896 9
756 2851 864 2896 continet
892 2853 921 2896 A.

169 2920 201 2965 10
228 2920 309 2967 madia
325 2924 396 2967 nocta
406 2919 509 2976 Paulus}
529 2922 590 2966 Acta
602 2922 686 2980 Apost.
702 2921 735 2968 16
756 2921 797 2967 25.
817 2922 826 2968 11
847 2920 920 2978 Silas]

166 2989 241 3036 siluas
258 2991 288 3036 A.
335 2992 366 3036 12
394 2992 519 3050 receperit]
537 2991 654 3050 reperitur
671 2991 737 3038 editi.
785 2993 816 3039 13
844 2995 921 3048 sexta]

167 3061 234 3118 quod
250 3066 322 3108 sexte
343 3061 407 3107 editi.
473 3061 504 3108 15
532 3068 628 3122 tantum
653 3062 718 3108 editi.
779 3065 810 3109 16
838 3065 919 3121 quem]

167 3145 213 3188 que
231 3131 261 3176 B.
335 3133 367 3178 17
395 3145 539 3192 cognoscere
558 3134 662 3180 mediam
683 3134 748 3180 editi.
821 3135 852 3180 19
881 3134 921 3180 de·

166 3203 335 3248 terminabitur
357 3202 422 3249 aditi.
486 3205 518 3250 21
547 3205 620 3262 bene]
645 3205 786 3262 burbensii,
814 3205 873 3250 bens
890 3203 920 3249 Β.
950 3223 952 3228 ’

166 3273 177 3318 ΙΙ
190 3273 322 3320 extimatur
338 3273 390 3333 1135
408 3277 449 3334 qui
466 3273 522 3322 aliis
541 3273 600 3322 loeis
618 3276 728 3322 estimare
747 3274 841 3320 habeut.

756 3359 769 3397 ³
842 3375 846 3382 .
