2476 3904
290 289 323 340 ld
1061 291 1108 337 Is

308 460 319 504 1
358 434 443 518 quia,
466 441 502 497 ut
523 433 666 519 plerique
680 434 863 519 philosophi
884 434 1108 518 decrevenmt,

306 561 320 607 2
357 537 437 601 nulli
463 537 583 601 bomini
608 538 799 622 permissum
835 548 885 602 est
913 549 989 624 post
1014 550 1109 628 terga

305 665 320 709 a
355 640 478 723 Indiae,
493 661 575 724 quae
586 640 705 706 dicitur
715 640 871 708 Dimirice
882 642 988 723 Evila,
1001 639 1108 706 Ocea-

305 768 321 812 4
356 767 434 808 num
444 746 597 830 reperire3
613 744 700 828 quod
715 754 748 808 et
764 745 934 827 credimus,
951 745 1028 828 quia
1039 767 1108 809 oer-

305 868 319 915 5
356 849 479 912 tissime
507 849 552 913 ita
578 850 696 914 veritas
724 871 793 913 esse
828 848 999 934 probatur:
1032 871 1108 912 nam

305 974 319 1018 s
357 952 441 1017 sicut
462 953 694 1036 praemisimus,
716 953 744 1018 si
767 953 882 1036 aliquis
898 950 1019 1016 eisdem
1036 973 1108 1016 cos·

305 1081 319 1124 7
355 1055 547 1148 mographis‘
567 1057 669 1142 magis
697 1078 793 1140 quam
821 1065 951 1122 nostrae
979 1056 1107 1140 exposi-

304 1183 319 1228 8
355 1159 436 1223 tioni
459 1158 646 1240 crediderit,
675 1158 762 1242 quod
790 1167 899 1224 tantus
922 1157 1041 1224 Oriens
1065 1159 1106 1224 ab

304 1286 319 1330 a
355 1261 537 1327 hominibus
560 1260 693 1327 Oceano
723 1265 955 1348 circumseptus
980 1285 1108 1348 peram-

288 1388 319 1433 10
355 1366 484 1431 buletur
498 1374 531 1430 et
542 1367 728 1431 nominatim
740 1365 954 1432 describatur:
971 1366 1013 1431 ad
1024 1387 1106 1450 quos

288 1492 318 1535 11
356 1469 503 1550 dicimus,
533 1493 609 1555 ergo
631 1469 688 1534 ubi
710 1480 759 1535 est
781 1471 835 1534 ille
857 1471 1106 1535 immortalitatis

289 1594 319 1640 12
356 1574 563 1639 suavissimus
578 1573 758 1658 paradisus,
780 1575 883 1657 quiin
900 1583 1013 1638 sancta
1027 1575 1107 1639 scri-

289 1699 319 1743 13
355 1687 451 1763 ptura
477 1676 518 1740 ad
541 1674 707 1742 Orientem
734 1699 805 1741 esse
834 1676 1043 1759 describitur,
1071 1679 1106 1741 in

288 1800 320 1844 14
357 1804 419 1866 quo
441 1789 551 1846 noster
571 1781 790 1865 protoplastus
812 1780 852 1845 ab
869 1803 974 1867 angue
990 1803 1105 1845 suasus

287 1904 318 1950 15
354 1885 494 1971 pessimo
516 1885 648 1950 factoris
674 1884 797 1948 iussum
824 1906 977 1969 spernens
1000 1885 1107 1948 renuit

288 2012 318 2056 ro
352 1991 454 2074 ,vitam
471 1989 608 2071 exulque
623 1986 758 2050 effectus
773 2009 886 2052 necem
900 1989 1017 2052 meruit
1031 2010 1107 2072 pro-

287 2117 319 2160 17
355 2094 424 2178 prio
449 2089 602 2156 arbitrio?

287 2221 319 2266 18
400 2193 639 2276 Quamobrem
655 2215 714 2257 nos
733 2191 892 2258 credimus
911 2193 999 2277 quod
1015 2203 1105 2260 trans

287 2326 318 2370 19
354 2298 510 2364 Indorum
536 2297 726 2360 Dimiricam
747 2296 857 2360 Evilat
887 2299 1024 2382 patriam
1057 2299 1106 2360 in-

286 2429 318 2474 20
354 2400 614 2467 transmeabilem
648 2399 688 2463 ab
722 2400 888 2464 hominum
921 2401 1035 2464 itinere
1063 2399 1105 2466 ad

286 2531 316 2576 21
354 2505 540 2571 orientalem
572 2503 701 2590 plagam
733 2505 802 2589 ipse
836 2502 1018 2590 paradisus
1034 2525 1104 2568 esse

354 2693 369 2738 3
397 2692 516 2738 Dumirice
535 2696 557 2736 et
575 2688 658 2750 Scytiu
675 2689 797 2749 Dymirioo
819 2688 883 2747 Tot,
908 2687 1039 2756 Λψυρικὴ
1058 2690 1105 2734 Ar·

352 2765 416 2810 riou.
435 2763 445 2808 ΙΙ
464 2760 527 2807 eiula
539 2762 569 2818 B,
588 2760 687 2806 Evilsth
701 2759 766 2817 editi,
785 2755 902 2806 Heriluth
919 2759 1043 2806 ΟΜΝ
1062 2760 1104 2805 11.

354 2834 475 2892 bprobst
493 2831 556 2878 editi.
609 2833 625 2878 8
653 2831 726 2889 quod}
740 2831 850 2888 qquB.
869 2830 879 2876 ΙΙ
899 2835 992 2876 tuntum
1004 2831 1034 2885 A,
1052 2835 1104 2876 tsn-

334 2910 402 2951 Ιῐιιῐιι
413 2905 443 2961 Β,
462 2909 540 2950 totum
558 2902 623 2948 editi.
641 2901 652 2948 ΙΙ
671 2902 785 2948 orientem
803 2901 853 2947 ΑΒ.
918 2903 935 2947 9
961 2902 1105 2959 circumsep-

353 2980 403 3022 tam
412 2976 440 3031 B,
452 2968 641 3032 oucumsdptam
648 2973 677 3030 A,
688 2972 871 3032 circumseptum
879 2971 945 3018 editi.
984 2972 1015 3016 ll
1032 2972 1104 3017 imor-

352 3045 454 3092 talitatis
466 3045 496 3091 B.
545 3048 576 3091 14
603 3041 783 3104 protoplaustos
800 3043 829 3089 Α.
880 3043 910 3090 lt
938 3043 1056 3102 passimus
1073 3041 1103 3099 B,

352 3117 454 3176 pessimo
476 3115 540 3162 editi.
633 3116 663 3160 18
690 3114 890 3160 trans-Indorum
910 3113 979 3168 editu
1004 3110 1039 3173 os.
1056 3112 1104 3158 18

351 3201 454 3234 eremum
474 3200 535 3245 quoe
552 3191 589 3232 est
605 3191 672 3230 mus
688 3188 765 3230 totum
783 3185 884 3230 Indlam.
953 3185 984 3230 19
1014 3183 1104 3229 ‹limiri-

352 3273 406 3305 cum
415 3259 438 3305 B
447 3258 511 3304 editi.
523 3257 533 3302 ΙΙ
550 3255 624 3302 elulat
631 3255 662 3300 B.
675 3254 685 3300 ΙΙ
700 3256 779 3314 patris
786 3257 816 3302 A.
854 3255 885 3302 21
904 3253 1063 3302 horiantulem
1073 3253 1102 3299 B.
