2410 3904
299 475 312 518 1
500 447 633 516 Suscirc

298 578 314 621 a
499 555 640 618 Davero.

298 679 314 724 a
393 656 500 742 Supra
511 657 668 742 Bithynia
680 655 930 722 Nicomediense
952 683 1031 725 mcx
1058 659 1115 724 di·
1197 727 1198 732 ,

299 783 314 826 4
350 761 472 826 viditur
493 763 574 826 Asia
596 761 637 826 ab
659 761 800 848 Europa.
1197 827 1198 836 ,

299 885 314 931 5
384 865 439 935 2⁰.
493 864 681 950 Completur
717 875 824 929 autem
856 865 938 930 Asia
957 865 1113 946 ,habens

300 992 315 1036 a
350 972 448 1034 finem
462 969 503 1034 ab
519 967 652 1034 Oriente
673 967 875 1054 praedictum
889 992 1034 1034 eremum
1051 969 1113 1034 In-

301 1096 315 1140 7
352 1075 425 1139 diae
439 1073 614 1138 Dimiricae
636 1072 938 1153 intransmeabilem,
962 1082 994 1137 et
1008 1081 1113 1139 trans

300 1198 316 1243 8
351 1180 457 1264 ipsum
486 1201 626 1244 eremum
652 1175 713 1240 dec
741 1187 851 1242 nostro
876 1177 1113 1242 tantummodo

300 1299 315 1344 a
354 1283 519 1368 cognitum
541 1291 601 1348 est.
645 1279 688 1344 ad
708 1289 833 1364 partem
853 1303 929 1343 vero
951 1282 1114 1347 meridia·

285 1401 316 1445 10
353 1410 427 1449 nam
442 1385 541 1450 habet
560 1387 632 1470 ipsa
645 1385 728 1448 Asia
740 1384 838 1447 finem
853 1381 1023 1449 Oceanum
1050 1388 1112 1470 qui

285 1507 316 1551 11
352 1491 458 1576 tangit
471 1491 600 1554 tertiam
613 1487 741 1553 Indiam
759 1489 911 1552 maiorem
920 1487 1114 1556 Therman-
1197 1475 1198 1554 s

286 1612 317 1657 12
353 1595 453 1659 ticam
466 1595 652 1671 Elamitem3
669 1593 724 1676 qui
740 1589 891 1657 Oceanus
904 1593 1013 1678 tangit
1023 1593 1113 1658 Per-

285 1715 318 1762 18
354 1722 418 1780 aas,
440 1698 578 1778 Arabae,
600 1698 788 1783 Aegyptum
809 1695 1001 1760 inferiorem.

286 1819 318 1862 14
398 1802 454 1866 Ad
475 1813 600 1890 partem
618 1825 694 1865 vero
709 1801 990 1886 septentrionalem
1004 1801 1113 1868 habet

286 1925 317 1971 15
354 1909 425 1994 ipsa
439 1909 521 1972 Asia
533 1909 630 1972 finem
646 1903 813 1971 Oceanum
828 1903 977 1989 Syricum
987 1903 1112 1972 Indiae

287 2030 318 2074 16
353 2013 514 2092 Bactriae,
536 2009 690 2096 Caspium
712 2021 744 2074 et
759 2006 908 2094 Congrae
928 2017 960 2072 ct
974 2007 1112 2092 Reitae,

287 2137 318 2180 1⁷
354 2117 445 2179 iuxta
464 2115 541 2180 litus
565 2112 732 2180 Oceanum
753 2121 879 2176 montes
893 2111 1112 2197 Rimphaeos.

357 2234 371 2278 3
391 2233 495 2278 bithinia
513 2233 541 2288 A,
559 2231 671 2289 bythinia
688 2231 718 2275 B.
772 2230 788 2274 4
807 2229 853 2284 ab]
872 2233 896 2274 ct
915 2229 978 2273 editi.
1032 2231 1048 2276 5
1070 2229 1110 2278 hic

355 2303 447 2348 aceedit
457 2301 540 2346 Guido.
553 2301 562 2346 ΙΙ
571 2301 729 2359 conpleturB.
768 2301 781 2344 6
800 2300 961 2357 praedictum]
983 2300 998 2345 4
1019 2301 1057 2346 24
1072 2317 1109 2361 aq.

354 2374 365 2419 ii
373 2373 494 2419 heremum
503 2373 554 2417 AB.
609 2369 878 2418 tintransmeabich.
927 2371 1065 2418 8herem1‘1
1078 2373 1108 2418 B.
1197 2419 1198 2432 ,

357 2446 371 2490 9
391 2441 773 2504 estcm.Bediti,cf.1214.
801 2441 810 2486 ΙΙ
835 2444 936 2500 partem]
954 2443 1066 2498 patriam
1079 2447 1109 2490 A.

358 2517 389 2560 10
418 2529 476 2573 asya
491 2516 520 2560 A.
577 2516 606 2559 11
635 2514 734 2573 yndiam
752 2513 780 2558 A.
808 2511 818 2557 ΙΙ
842 2512 1009 2558 thermaticam
1029 2513 1109 2560 ABG.

358 2586 389 2632 12
413 2585 556 2642 Elamiteml
574 2587 608 2630 cic
622 2584 654 2640 G,·
671 2583 783 2630 Elamitia
801 2581 835 2628 45
855 2583 884 2640 8,·
901 2581 1042 2632 helamitem
1055 2585 1108 2631 AB.
1197 2585 1198 2588 ’

356 2657 365 2703 ΙΙ
374 2657 427 2714 quil
446 2658 510 2714 quod
524 2657 551 2703 G.
570 2657 580 2702 ΙΙ
597 2669 713 2701 oceanum
722 2657 765 2700 AB
779 2651 862 2700 Gnido.
900 2655 931 2699 13
951 2655 1067 2712 egiptum
1079 2658 1108 2713 A,

355 2731 471 2787 egyptum
482 2728 512 2772 B.
569 2728 600 2772 14
618 2727 703 2784 habet]
723 2729 757 2771 sic
777 2725 803 2783 G,
827 2731 852 2770 et
869 2726 900 2770 ab
919 2725 947 2780 A,
970 2725 1069 2773 hahens
1087 2727 1110 2771 B

356 2799 421 2844 editi.
486 2799 516 2844 15
545 2811 601 2858 asyc
620 2799 665 2842 fine
691 2799 720 2843 A.
747 2797 757 2842 ii
782 2795 904 2856 Spicum]
924 2794 1055 2843 Serianum
1075 2797 1108 2852 G,-

357 2868 468 2916 Oceauus
487 2867 582 2916 Sericus
606 2868 702 2915 Orosius
723 2874 848 2914 atcerter
867 2865 941 2912 [128.
969 2866 978 2912 ΙΙ
1004 2867 1107 2926 Indiae}

357 2941 413 2986 inde
435 2941 490 2997 AB,
518 2943 543 2988 id
567 2945 603 2986 est
625 2936 693 2996 editt·
720 2937 754 2999 ef.
772 2939 793 2985 V
808 2937 883 2986 aaa
901 2937 934 2982 29
957 2937 998 2982 ubi
1020 2938 1109 2986 Indiae

356 3011 506 3058 Bactrianae.
580 3014 610 3056 16
631 3011 724 3056 baeerie
742 3011 771 3056 B.
800 3009 810 3056 ΙΙ
835 3012 894 3055 reite
912 3011 941 3054 Β.
1010 3010 1044 3054 17
1068 3025 1109 3057 cc-

357 3085 433 3130 ceanu
445 3085 473 3140 A,
498 3081 588 3130 Oceani
606 3083 669 3129 editt.
689 3081 698 3126 Η
723 3083 827 3140 rimpecs
840 3081 868 3137 A,
890 3079 979 3126 rinfeos
991 3079 1020 3136 B,
1049 3081 1109 3128 Rin-

356 3155 431 3213 phaos
449 3154 512 3211 editi,
531 3155 603 3200 rifeos
615 3151 652 3199 vel
663 3153 761 3210 ripheos
774 3151 855 3208 Gnido,
876 3157 898 3196 et
906 3147 1016 3196 similiter
1027 3150 1107 3212 infra.

354 3217 460 3275 Ῥιπαῖα
471 3215 520 3293 ὅρη
533 3224 629 3282 strabo,
648 3223 751 3282 Riphaei
763 3229 855 3269 montes
870 3223 972 3277 Orosius,
992 3223 1051 3267 item
1064 3223 1109 3269 ae-

355 3299 412 3358 piac
426 3293 536 3350 (Circa,
552 3297 623 3342 Perta
635 3297 648 3341 1
659 3294 726 3350 599)
739 3293 789 3340 alii.
804 3293 891 3350 „Circa
902 3293 1024 3352 Riphaeos
1035 3301 1109 3342 moh-
1197 3293 1198 3296 ’
