2464 3896
122 328 132 373 1
154 329 183 376 15
909 323 945 377 35

140 497 150 539 1
190 473 271 537 nalis
295 471 410 558 plagae
432 471 564 556 patrias,
594 493 673 554 quas
697 471 730 535 in
754 469 947 537 duodecima

138 602 152 646 2
189 577 268 641 hora
290 575 395 639 noctis
419 597 489 639 esse
512 575 768 660 supputavimus,
797 576 945 640 aestimet

138 704 151 748 3
189 703 253 764 quo
288 687 448 756 maneret3
485 686 517 740 et
553 677 600 741 sic
628 677 779 761 posthinc
811 687 945 744 cunctas

137 809 152 850 1
187 783 284 848 horas
308 781 371 846 diei
393 781 543 845 horarum
565 781 670 844 noctis
686 804 744 866 per
759 781 944 868 designatas

137 910 151 954 1
187 886 344 951 assimilet
364 885 502 970 patrias,
531 892 563 948 et
585 883 791 968 postmodum
814 883 944 950 Christo

137 1013 150 1057 e
186 989 281 1055 nobis
295 989 468 1053 auxiliante
480 988 722 1073 expositionem,
739 1011 835 1072 quam
848 1008 945 1074 supra

136 1117 150 1161 1
186 1093 238 1158 vel
260 1092 393 1158 inferius
417 1090 674 1178 designavimus,
703 1112 851 1157 veracem
874 1116 943 1158 esse

136 1222 150 1265 e
188 1198 336 1283 reperiet.
382 1219 456 1260 nam
481 1203 513 1258 et
542 1195 569 1260 si
598 1195 713 1280 aliquis
744 1221 783 1260 ex
812 1205 945 1261 conten-

136 1325 150 1368 9
186 1301 332 1366 tionariis
357 1299 464 1364 dicere
479 1298 616 1363 voluerit
632 1299 719 1382 qnod
734 1301 826 1384 quasi
843 1301 943 1366 totius

120 1429 149 1474 1ο
186 1405 293 1469 noctis
322 1403 473 1468 horarum
503 1402 689 1487 supputatio
717 1427 775 1489 per
802 1412 943 1468 tantum-

121 1533 148 1576 11
185 1506 283 1572 modo
304 1507 468 1592 Europam
490 1507 654 1570 nominata
677 1514 737 1588 est,
760 1516 792 1572 et
814 1507 848 1572 in
863 1507 944 1572 fluo·

120 1633 149 1676 11
186 1635 239 1677 sas
261 1611 437 1676 maritimas
460 1610 685 1675 inundationes
704 1609 866 1696 inciderit,
886 1635 944 1677 vo-

121 1737 149 1781 ra
184 1717 254 1781 lens
278 1715 385 1780 dicere
408 1713 495 1799 quod
516 1724 583 1778 tam
605 1737 724 1801 magna
745 1714 838 1780 nobis
855 1715 943 1780 dicta

121 1841 150 1884 14
186 1821 228 1886 sit
251 1819 393 1904 Europa,
416 1817 451 1883 id
473 1827 522 1883 est
543 1819 649 1903 portio
671 1816 766 1899 Iafet,
789 1817 943 1909 quemad-

121 1943 148 1989 15
184 1923 318 1989 modum
329 1924 495 2006 utriusque
506 1923 624 2003 fratris,
636 1920 671 1985 id
682 1919 815 1987 estSem
828 1919 942 2005 Cham,

121 2045 149 2090 16
185 2037 218 2092 et
233 2025 321 2111 quod
333 2027 366 2091 in
382 2027 450 2091 sola
460 2027 591 2112 Europa
606 2034 676 2089 tota
691 2047 756 2088 nox
768 2034 942 2110 supputata

121 2147 149 2192 17
185 2140 245 2212 est,
269 2131 354 2194 sicut
375 2129 409 2193 in
423 2130 569 2215 portione
586 2128 723 2193 duorum
738 2129 872 2193 fratrum
891 2137 941 2192 to-

121 2250 149 2295 re
183 2244 237 2299 tus
253 2242 445 2318 supputatus
461 2243 511 2298 est
526 2232 611 2298 dies:
626 2233 733 2298 nullus
745 2233 864 2297 etenim
878 2233 941 2297 hoc

121 2353 148 2398 11
183 2338 368 2419 arbitretur,
384 2339 459 2421 quia
473 2336 601 2421 quando
616 2360 715 2402 verno
731 2346 768 2401 ut
784 2360 881 2422 supra
892 2337 940 2402 di-

121 2459 149 2504 10
184 2453 273 2507 etum
296 2451 347 2507 est
368 2450 511 2528 tempore
533 2465 591 2526 per
607 2441 868 2526 supputationem
882 2441 940 2506 ho-

121 2562 148 2606 m
183 2571 290 2612 rarum
306 2546 449 2634 singulas
465 2545 703 2632 designavimus
718 2546 850 2630 patrias,
872 2569 940 2610 ma-

122 2663 150 2709 11
183 2651 268 2716 xime
290 2659 415 2736 partem
436 2650 586 2736 Europae
616 2650 665 2715 sol
690 2649 850 2714 transiens
874 2649 940 2712 col-

185 2806 199 2850 2
228 2805 329 2850 extimet
347 2805 375 2850 Α.
449 2804 464 2850 3
492 2804 534 2860 sic]
554 2805 574 2850 si
592 2804 616 2849 B
634 2801 697 2849 editi.
773 2801 790 2848 4
818 2803 938 2859 horarum]

183 2877 341 2933 notarumque
360 2873 424 2924 editi.
444 2873 453 2919 ΙΙ
472 2877 523 2934 per]
542 2889 598 2933 prae
617 2874 647 2920 Β.
721 2874 735 2919 8
765 2872 861 2931 aliquis]
885 2874 939 2931 quis

183 2946 247 2992 editt
303 2947 317 2991 9
346 2945 424 2991 tocius
441 2944 472 2990 Β.
528 2946 559 2990 10
588 2945 732 3005 supputeeio
750 2943 781 2989 Β.
845 2945 875 2989 14
904 2944 939 2989 111-

183 3017 233 3063 seth
250 3019 279 3073 A,
297 3015 383 3075 Iaphet
402 3015 467 3061 editi.
549 3017 580 3062 15
605 3021 663 3074 poet
681 3014 737 3062 Sem
755 3015 812 3060 edin
831 3013 887 3060 odd.
906 3020 936 3060 et.

183 3088 283 3133 itehaim
300 3086 331 3132 Β.
418 3087 449 3132 16
477 3086 502 3132 in
521 3086 585 3144 sole]
611 3085 691 3132 insula
708 3086 759 3132 AB.
838 3087 869 3130 17
899 3085 937 3140 in]

183 3163 204 3204 ei
221 3159 246 3204 in
264 3158 294 3202 Β.
325 3157 335 3202 11
367 3158 480 3216 porcione
498 3157 527 3202 Β.
614 3159 645 3204 19
673 3170 748 3203 verno
768 3171 812 3202 om.
831 3155 854 3201 Β
873 3154 937 3199 editi.

184 3231 214 3274 20
242 3234 300 3287 poet
322 3229 433 3274 horarum
457 3227 500 3274 AB
523 3228 580 3274 odd.
602 3241 652 3287 per.
754 3228 785 3272 21
818 3226 938 3272 maximae

183 3301 255 3359 partis
275 3299 339 3344 editi.

757 3375 787 3419 ³.
