2408 3892
96 353 183 390 armo
208 341 258 386 115
878 339 929 394 551

118 511 131 554 1
164 484 315 551 'sioribus
338 483 462 549 sedicet
485 485 541 568 qui
567 485 730 570 pertinent
753 509 793 550 ex
813 489 931 552 monti-

117 591 133 658 a
173 589 237 653 bus
262 586 389 674 Caspiis
420 596 452 652 et
476 585 665 667 Caucaseis3
696 590 752 673 qui
778 590 929 657 videlicet

117 718 133 763 3
173 691 292 756 fluvius
308 691 428 756 Tanais
451 693 485 756 in
503 692 660 758 Meotidis
675 690 848 777 paludibus
871 718 930 759 sua

115 821 134 866 4
173 795 308 880 deponit
335 795 466 860 fluenta.
511 796 553 860 ad
581 805 706 882 partem
733 819 809 860 vero
835 798 930 862 meri-

116 922 133 968 s
172 898 305 962 dianam
318 898 416 964 habet
429 900 526 964 finem
541 923 627 964 mare
642 899 794 980 Pontum,
815 900 850 964 in
865 923 929 984 quo

117 1027 133 1072 a
172 1002 392 1088 praescriptae
407 1001 574 1068 Meotidas
585 1003 719 1089 paludes
731 1003 881 1084 influunt,
897 1013 930 1068 et

117 1131 134 1176 1
173 1099 348 1192 angustum
370 1105 458 1189 quod
473 1105 514 1170 de
528 1106 634 1172 Ponto
649 1108 684 1171 in
698 1106 930 1192 Propontidem

118 1234 135 1279 a
172 1210 265 1274 iuxta
279 1208 392 1274 urbem
408 1207 722 1297 Constantinopolim
739 1209 929 1296 ingreditur,

118 1338 135 1382 s
174 1311 263 1396 quod
278 1313 402 1378 scilicet
415 1313 449 1377 in
463 1315 614 1401 pelagum
628 1314 833 1379 Adriaticum
847 1337 930 1378 mer-

100 1442 136 1489 1⁰
173 1416 224 1503 git
245 1417 300 1500 qui
319 1417 496 1501 antiquitus
510 1417 641 1484 Ionicus
662 1418 790 1499 dicitur,
813 1417 929 1482 deinde

101 1545 135 1590 11
174 1536 302 1604 quoque
318 1520 424 1584 sinum
435 1519 548 1586 ltaliae
560 1522 794 1607 Tyrrhenicum
806 1530 839 1585 et
850 1519 930 1586 Gal·

100 1648 136 1695 12
172 1624 284 1705 licum,
306 1624 585 1689 sinumValeriaco
600 1625 779 1711 Hispaniae
796 1625 929 1689 fretum-

102 1752 136 1797 13
174 1749 237 1811 que
253 1725 462 1792 Gaditanum.
500 1729 557 1811 qui
576 1727 727 1793 videlicet
741 1728 815 1792 finis
833 1729 929 1793 etiam

102 1855 138 1900 14
173 1831 408 1897 occidentalem
429 1832 559 1918 plagam
581 1832 615 1896 in
638 1855 672 1898 se
695 1831 928 1917 complectitur.

102 1963 136 2008 15
205 1933 280 2003 125.
326 1933 601 2020 Septentrionales
623 1936 774 2021 Europae
801 1936 930 2000 termini

102 2066 137 2111 16
175 2049 252 2106 sunt
273 2037 425 2106 Oceanus
449 2040 505 2123 qui
527 2041 633 2126 tangit
648 2038 816 2126 Scythiam
838 2040 930 2104 here·

102 2169 137 2214 17
175 2165 308 2211 mosam.
353 2145 387 2208 in
402 2144 513 2229 primis
532 2142 667 2230 Scythia
682 2146 812 2229 quaein
828 2145 930 2209 omni-

103 2275 137 2320 18
175 2250 237 2316 bus
252 2249 420 2314 heromosa
441 2248 560 2312 existit.
605 2249 736 2333 ponitur
750 2256 857 2313 autem
872 2271 930 2332 per

104 2379 137 2423 19
176 2378 233 2419 ora
264 2353 368 2417 litoris
398 2349 523 2417 Oceani
552 2353 810 2436 septentrionalis
839 2351 930 2416 iuxta

102 2482 136 2527 ao
175 2466 301 2522 montes
324 2457 478 2543 Ripheos.
530 2477 611 2539 quae
641 2457 738 2520 etiam
765 2456 862 2542 longe
882 2455 930 2519 la·
957 2509 962 2512 .

212 2738 303 2784 codices
322 2736 370 2798 bfo.
426 2735 459 2798 cf.
471 2738 532 2783 Rau.
545 2735 597 2781 323
616 2738 649 2782 10
662 2752 697 2798 aq.
718 2744 740 2784 et
759 2739 810 2784 168
830 2739 893 2798 laq.

177 2833 192 2878 3
220 2832 316 2878 thanais
339 2846 360 2877 o.
414 2833 424 2878 ΙΙ
468 2833 553 2878 meotis
575 2847 597 2877 a.
679 2835 693 2878 7
721 2833 866 2892 propontide
893 2831 928 2893 bf.

178 2904 192 2948 9
220 2903 421 2949 hadriaticumo.
486 2905 518 2949 10
546 2904 637 2950 ionium
659 2919 681 2949 v.
751 2906 781 2952 11
810 2902 885 2963 ytalie
901 2900 928 2962 f.
1014 2941 1016 2946 .

177 2975 186 3019 ΙΙ
198 2979 309 3033 tyrenum
330 2971 356 3033 f,
384 2979 506 3034 tyrranum
533 2974 555 3019 b.
660 2975 691 3020 12
724 2973 864 3020 valeriatico
893 2970 928 3033 bf.

176 3045 185 3090 ΙΙ
199 3046 316 3104 hyspania
330 3043 356 3105 f.
384 3045 393 3090 ΙΙ
418 3047 506 3092 fratum
523 3061 545 3091 a.
601 3046 633 3091 13
653 3046 707 3102 quil
727 3058 821 3102 quaec,
841 3057 887 3102 que
907 3042 928 3088 b.

178 3115 210 3161 15
238 3116 425 3174 septentrionale
454 3114 490 3176 tf.
572 3117 603 3161 16
632 3129 748 3160 occeanus
767 3112 802 3174 bf.
840 3115 849 3160 ΙΙ
884 3115 929 3159 sci·

177 3187 253 3233 thiam
265 3184 292 3247 f,
320 3187 445 3232 scientiam
471 3187 493 3233 b.
559 3188 589 3232 17
619 3187 706 3232 scithia
729 3182 764 3245 bf.
830 3185 860 3230 19
888 3184 929 3230 lit-

176 3258 236 3303 toris
254 3272 275 3302 o.
313 3257 322 3302 ΙΙ
358 3259 456 3304 occeani
474 3255 510 3317 bf.
583 3258 615 3302 20
643 3256 764 3316 rhypheos
782 3255 804 3301 h.
