2530 3902
242 301 296 354 ⁴42
988 303 1011 351 V
1030 306 1062 352 33

263 475 274 518 1
356 448 512 535 Legimus
535 457 571 514 ut
593 448 627 512 in
649 448 721 533 ipso
744 444 894 529 Oceano,
923 448 987 512 ium
1009 472 1064 514 ex-

261 577 276 622 2
312 553 400 639 pieta
420 559 511 637 parte
534 550 737 634 occidentali,
758 559 911 636 tanquam
933 553 975 620 ed
991 578 1064 641 per·

261 675 276 720 s
312 666 378 731 tem
404 654 622 743 regredientes
651 653 877 739 meridianam,
906 667 982 724 sunt
1004 681 1063 723 nu-

261 783 277 826 4
311 783 400 825 mero
421 759 544 826 insulse
565 758 699 845 triginta
719 766 797 841 tres,
819 781 901 843 quae
924 769 956 826 et
978 761 1064 826 Dor·

262 888 276 934 s
314 863 410 930 eudes
442 863 653 948 appellantur.
708 883 790 945 quse
826 865 971 947 quumvis
996 887 1063 930 non

261 992 276 1036 s
313 968 454 1033 existant
469 987 579 1032 omnes
597 965 755 1048 excultae,
778 975 920 1033 attamen
934 968 1064 1034 nomina

262 1095 276 1138 τ
311 1071 438 1136 illarum
460 1069 662 1134 volueramus
679 1065 809 1136 Christo
823 1070 918 1138 nobis
932 1071 1063 1138 iuvante

261 1199 276 1243 s
313 1173 499 1262 designare:
529 1171 587 1238 sed
609 1173 685 1256 quis
706 1173 849 1257 pennatis
872 1174 1064 1261 emergenti-

261 1303 275 1347 s
312 1277 373 1343 bus
398 1284 488 1342 suete
510 1299 530 1340 a
552 1275 687 1342 diversis
709 1275 860 1364 gentibus
875 1277 947 1363 ipss
962 1276 1064 1342 domi·

245 1406 276 1453 1⁰
312 1390 408 1446 netur
421 1379 535 1466 putria,
558 1387 592 1444 et
611 1388 648 1446 ut
669 1378 825 1446 burburus
840 1371 909 1445 mos
926 1389 986 1462 est,
1008 1403 1063 1446 va-

245 1513 275 1558 11
313 1485 369 1550 riis
397 1482 619 1550 vocationibus
648 1481 778 1550 easdem
805 1483 927 1550 insulas
953 1484 1062 1571 appel·

245 1616 276 1662 12
312 1588 392 1670 lent,
414 1587 599 1672 reliquimus
621 1588 752 1652 nomina
773 1586 1017 1676 designandum.

245 1718 277 1766 ιε
345 1691 399 1758 33.
450 1688 517 1757 Sed
546 1699 596 1756 est
622 1691 728 1757 insula
753 1700 828 1777 post
854 1690 1064 1776 Aquitaniam

245 1824 277 1869 14
313 1818 395 1880 quae
418 1793 536 1860 dicitur

245 1922 276 1969 15
463 1895 648 1964 Obeeurum

245 2030 277 2075 1s
464 2000 628 2068 Ollarione

243 2133 277 2178 rr
463 2105 557 2172 Ratis

246 2237 277 2282 ιε
464 2207 572 2275 Corda

316 2447 328 2491 1
353 2448 393 2502 ut}
412 2457 468 2490 vero
487 2441 534 2488 Ac.
562 2443 572 2489 ΙΙ
597 2443 712 2502 explectis
728 2442 759 2490 B.
814 2443 829 2490 8
857 2442 1019 2501 regredientes
1038 2439 1062 2499 0,

313 2515 474 2576 ingredientes
492 2513 557 2560 editi.
594 2513 604 2560 li
638 2517 705 2572 sunt]
728 2511 911 2572 quodannis.
978 2513 994 2558 4
1022 2513 1064 2560 tri·

313 2586 382 2646 ginta
399 2588 459 2642 ires]
479 2597 563 2632 xxxm
583 2583 608 2632 0.
667 2585 683 2630 4
710 2584 835 2631 Dorcsdes
853 2583 919 2630 editi.
979 2581 993 2630 s
1021 2597 1064 2642 sp·

313 2655 417 2716 pelletur
443 2655 509 2702 editi.
582 2657 596 2702 7
624 2668 706 2702 sarum
734 2653 759 2703 0.
794 2653 805 2700 ll
838 2653 989 2701 vulneramus
1011 2654 1063 2700 AB.

314 2727 324 2773 ΙΙ
335 2727 465 2774 adiuvante
483 2725 548 2773 editi.
602 2727 617 2772 8
644 2731 682 2772 set
702 2723 726 2772 0.
783 2725 873 2774 10-12
901 2719 1086 2771 nerisiensem

314 2798 392 2846 tiones
412 2802 435 2843 et
452 2796 605 2857 appellantur
622 2796 645 2841 B
662 2796 728 2843 editi.
801 2797 832 2844 12
859 2795 1000 2854 reliquimus
1020 2808 1064 2841 no·

314 2868 379 2915 minu
397 2867 570 2928 designandum
588 2865 654 2914 ABG
665 2872 759 2926 ponunt
776 2865 845 2928 infru
861 2867 924 2913 ul5
938 2871 996 2925 post
1014 2863 1064 2912 Ob·

314 2952 418 2986 reorum.
492 2939 523 2986 18
552 2939 595 2986 sed
617 2943 642 2984 et
664 2943 701 2985 est
723 2938 788 2986 editi.
824 2938 834 2984 ll
868 2937 1017 2996 equitaniam
1033 2936 1064 2982 B.

317 3011 348 3056 16
368 3009 499 3066 Ollarionel
516 3007 695 3068 Uliamnrlin„
712 3006 882 3056 uuncOlerun.
938 3009 969 3054 17
987 3006 1063 3063 Betis}

315 3080 508 3137 „monasterium
527 3080 592 3140 quod
609 3079 683 3127 liudis
704 3079 784 3127 insule
801 3080 874 3126 situm
892 3083 949 3126 est“
976 3075 1063 3124 Annei.
1153 3114 1159 3124 .

315 3152 423 3198 Mettum.
447 3163 503 3198 nnn.
523 3149 582 3208 744,
610 3150 679 3197 lodie
701 3150 737 3198 lle
756 3152 785 3197 de
803 3147 847 3197 Re.
914 3150 945 3195 18
973 3146 1064 3204 Corde}

308 3220 420 3282 sortasse
438 3220 517 3268 insula
535 3223 561 3268 iu
577 3223 638 3268 ostio
652 3221 787 3268 Garumnae
803 3234 855 3267 eum
868 3219 957 3278 pharo,
975 3220 1014 3266 rui
1023 3231 1065 3264 no-

315 3307 367 3339 meu
386 3292 427 3348 „le
445 3297 500 3339 tour
518 3292 547 3338 de
566 3289 720 3351 Getieum,
738 3291 829 3340 Antros
845 3289 928 3338 Melet
