2528 3894
271 490 288 1363 Φωκὶοἱᾷιμωιφμ
254 319 307 373 Ξ

253 1421 266 2083 ι-κι-κι-ιι-αι-ιι--μ

269 1421 286 2084 ΦοιιμωιΘι-οο

253 2145 283 2189 li

474 465 600 530 Formis

475 567 584 634 Fundi

474 672 649 738 Tarracina

474 776 594 841 Turres

475 877 619 944 Cerellos

474 983 586 1048 Turris
610 979 699 1047 albas

475 1083 633 1150 Colostris

474 1191 598 1254 Astura

472 1295 651 1358 Antianum

473 1397 646 1462 Lavinium

472 1500 671 1566 Laurentum

472 1605 592 1670 Hostia
613 1603 786 1668 Tiberiana

473 1708 580 1774 Roma

471 1811 606 1876 Portum
628 1810 771 1896 Augusti

472 1915 603 1980 Astium

470 2017 597 2106 Purgos

470 2121 631 2187 Punicum

322 2243 334 2284 1
355 2239 443 2284 formes
456 2235 480 2294 0,
499 2237 608 2284 Formiae
621 2238 671 2284 266
691 2239 714 2283 1.
772 2239 786 2284 2
804 2238 883 2285 Fundi
894 2241 964 2285 etiam
977 2238 1029 2284 266
1047 2239 1071 2295 2,

319 2308 441 2354 fundisA.
491 2309 642 2354 asamona
656 2309 707 2354 266
726 2309 750 2364 3,
770 2309 889 2355 terracina
902 2310 929 2357 G.
977 2309 1073 2355 4Tur-

318 2381 351 2425 ris
371 2378 422 2423 266
441 2378 465 2422 4.
493 2379 503 2424 ΙΙ
525 2385 582 2437 post
594 2380 680 2426 Turres
700 2379 720 2427 G
738 2380 806 2426 addit
824 2380 918 2426 circeia.
974 2380 988 2427 5
1015 2379 1072 2427 Cer-

319 2449 393 2496 ceilos
413 2449 477 2506 editi,
499 2449 614 2496 Carceliis
633 2451 684 2496 266
702 2453 727 2496 5.
783 2453 796 2496 6
816 2449 898 2496 Turris
916 2450 984 2496 albas
1002 2453 1072 2497 etiam

319 2521 371 2566 266
391 2521 414 2577 6,
433 2521 520 2567 Turres
537 2520 613 2568 Albas
632 2522 696 2578 editi,
716 2522 788 2569 turris
806 2520 862 2567 alba
882 2520 927 2568 OG.
984 2523 998 2568 7
1022 2521 1072 2568 elo·

318 2593 373 2638 stris
393 2591 413 2637 G
431 2591 499 2649 editi,
530 2591 630 2639 Plostris
655 2593 706 2638 266
726 2594 749 2638 7.
823 2593 838 2638 8
867 2593 957 2638 istiuas
976 2591 1026 2638 266
1047 2593 1070 2638 8.

319 2665 332 2708 9
361 2664 487 2708 uncianum
508 2661 531 2719 0,
551 2664 644 2709 antium
664 2664 684 2710 G
703 2665 760 2710 editi
777 2669 804 2708 ut
822 2663 871 2708 266
893 2659 917 2710 ’9.
974 2664 1006 2709 10
1025 2663 1071 2709 La-

316 2733 409 2779 vinium
428 2735 498 2778 etiam
512 2734 563 2779 266
582 2736 623 2779 16.
663 2737 693 2781 11
714 2735 860 2782 Laurentum
873 2737 944 2780 etiam
957 2735 1008 2779 266
1030 2735 1070 2790 11,

316 2803 399 2850 lauren
416 2805 446 2859 B,
465 2805 583 2850 Laurente
603 2805 666 2850 editi.
695 2807 704 2851 ΙΙ
726 2813 783 2865 post
800 2805 945 2851 Laurentum
967 2805 1072 2850 Gaddit

315 2875 457 2921 lausentum.
508 2876 539 2920 12
559 2877 638 2922 hostis
650 2877 777 2936 tyberinus
795 2876 846 2932 AB,
867 2873 936 2922 Ostia
949 2876 1070 2935 Tyberim

317 2945 380 3002 editi,
404 2945 473 2992 Ostia
490 2947 621 2993 Tiberiana
640 2947 692 2993 266
711 2949 752 2998 12,
777 2947 839 2994 ostia
857 2945 957 2992 fiberina
976 2947 1003 3004 G,
1029 2947 1070 3004 qui

317 3017 385 3063 addit
402 3017 526 3062 nonnulla.
595 3020 626 3064 13
654 3018 731 3064 Roma
752 3033 796 3064 om.
818 3017 841 3064 0.
911 3020 943 3062 14
971 3017 1068 3063 Portum

314 3088 419 3148 Augusti
432 3090 501 3133 etiam
514 3089 565 3134 266
580 3089 620 3145 13,
633 3095 729 3147 portum
742 3091 830 3149 augisti
843 3089 873 3133 B.
924 3090 954 3134 15
974 3087 1068 3134 :istium

315 3162 386 3204 etiam
404 3159 455 3205 266
476 3160 507 3203 11
528 3166 551 3204 et
570 3160 597 3216 G,
622 3159 708 3206 alsium
727 3162 770 3205 AB
789 3160 853 3206 editi.
916 3161 946 3205 16
976 3159 1069 3218 Purgos

315 3233 385 3276 etiam
404 3230 455 3275 266
479 3231 520 3286 15,
548 3232 630 3290 pirgos
648 3231 700 3287 ΑΒ,
729 3245 819 3290 pur-gns
840 3230 867 3288 6,
893 3229 984 3290 Pyrgos
1004 3229 1067 3275 editi.

317 3303 348 3346 17
377 3300 493 3346 Punicum
511 3307 582 3346 etium
601 3299 652 3345 267
672 3305 696 3346 1.
