2358 3906
69 319 160 368 Neo
849 313 903 368 323

91 489 104 532 1
143 466 229 529 inter
250 464 399 528 Africam
420 464 472 527 vel
493 463 685 528 Maurorum
706 462 843 549 patriam
866 473 899 528 et

90 591 105 636 a
144 589 244 652 supra
265 568 419 652 scriptam
440 565 604 653 Spaniam.

90 693 105 738 s
188 669 301 736 Habet
322 671 432 755 itaque
447 671 580 756 Europa
603 671 750 736 civitates
771 670 897 737 anobis

89 797 106 841 4
144 774 333 861 designatas
361 775 449 840 mille
472 793 646 857 coccinus,
675 775 796 860 patrias
821 797 898 840 vero

90 899 104 945 s
143 897 195 960 nn,
217 878 350 943 flumina
365 896 483 961 cnaun,
504 879 643 945 insulam
657 899 678 961 1,
697 879 897 966 regionem,

90 1005 104 1051 o
143 983 235 1047 lacus
257 1001 310 1063 1111,
332 983 515 1067 provincias
538 1002 617 1047 xxva

90 1109 105 1153 r
176 1084 232 1154 46.
278 1083 467 1171 Oompletur
488 1096 596 1152 autem
610 1096 680 1152 tota
693 1087 826 1172 Europa
840 1087 898 1152 ha-

89 1211 105 1256 s
143 1189 225 1255 bens
240 1189 338 1253 finem
349 1189 390 1254 ab
401 1191 523 1256 oriente
534 1192 793 1276 praenominatos
807 1214 898 1256 mon·

89 1313 105 1358 a
143 1303 193 1359 tes
209 1291 418 1378 Rimphaeos‚
441 1293 620 1376 exquibus
644 1293 897 1380 suprascriptus

74 1415 105 1459 ro
143 1396 261 1462 fluvius
276 1397 397 1461 Tanais
420 1395 584 1483 egreditur
600 1421 639 1461 ex
654 1398 818 1464 montibus
834 1396 897 1464 Ca-

72 1521 102 1565 11
143 1500 243 1587 spicis
271 1510 305 1564 et
333 1497 506 1579 Caucasis3
541 1502 596 1584 qui
631 1500 748 1567 fluvius
777 1503 897 1568 Tanais

72 1625 105 1670 12
142 1603 365 1690 in-paludibus
381 1627 440 1670 sua
455 1603 588 1690 deponit
602 1604 733 1670 fluenta.
768 1605 810 1670 ad
824 1629 899 1692 par-

71 1729 105 1774 18
141 1719 209 1774 tem
233 1732 308 1773 vero
330 1707 539 1774 meridianam
562 1708 660 1774 habet
681 1710 753 1795 ipsa
765 1709 898 1794 Europa

71 1833 104 1877 14
142 1815 240 1879 finem
261 1835 350 1878 mare
372 1835 525 1898 magnum
547 1812 736 1895 Ponticum,
762 1812 819 1878 ubi
840 1836 894 1898 pa·

69 1939 103 1986 15
141 1917 234 1983 ludes
266 1915 453 1982 Maeotidae
482 1916 708 2003 ingrediuntur
740 1939 801 1982 nec
831 1901 898 1981 non

69 2043 103 2088 16
141 2031 317 2109 angustum
352 2021 452 2084 currit
485 2018 525 2084 de
552 2020 658 2085 Ponto
692 2023 725 2085 in
751 2021 897 2105 Propon-

67 2149 102 2194 17
140 2125 210 2192 tida
231 2137 264 2191 et
287 2122 493 2210 postmodum
516 2125 549 2187 in
570 2124 799 2210 Ellispontum‚
821 2124 898 2189 hinc

142 2319 155 2363 l
185 2315 302 2362 affricani
318 2316 347 2372 B,
368 2315 497 2360 africanam
515 2315 618 2370 Arellii,
643 2315 750 2360 affricam
764 2313 788 2360 C.
807 2313 818 2359 li
842 2313 895 2370 vell

139 2394 166 2434 et
187 2385 286 2433 dedili-
313 2386 323 2432 ll
349 2387 386 2441 etl
405 2399 436 2431 ex
455 2385 520 2430 edili.
576 2386 590 2430 2
614 2386 704 2444 scripta
722 2383 814 2444 Spania
831 2385 895 2431 edili.

140 2460 156 2506 8
184 2457 336 2504 Habet-6
356 2469 421 2502 xxvi
439 2469 483 2501 om.
502 2455 547 2500 AB
565 2456 630 2501 edili.
657 2456 667 2501 ΙΙ
692 2458 784 2501 numeri
801 2454 897 2502 collecti

138 2527 247 2590 efficians
271 2527 341 2574 1529
370 2529 489 2583 civitates,
521 2527 553 2570 61
576 2528 687 2584 patrica,
715 2525 766 2572 136
784 2525 894 2585 ¹lianu'au,

137 2601 174 2646 26
187 2601 336 2658 provincias.
401 2599 415 2644 o
440 2605 498 2656 post
515 2609 578 2643 xxvi
605 2596 697 2644 sada.
720 2598 843 2655 hucusque
866 2599 895 2643 de

135 2671 228 2718 finibus
245 2683 335 2728 europe
355 2670 385 2714 ab
405 2670 503 2714 oriente.
551 2671 564 2713 7
594 2675 674 2714 autem
694 2683 740 2713 cmc
755 2667 778 2714 O.
807 2669 817 2713 ll
838 2675 896 2726 post

135 2741 237 2800 Europa
257 2739 276 2786 0
293 2741 349 2785 odd.
368 2741 415 2785 hic.
473 2741 504 2784 10
533 2744 619 2799 tanays
636 2741 664 2794 A,
684 2740 780 2785 thauma
792 2740 822 2794 Β,
842 2740 895 2785 tha-

134 2827 198 2873 nays
212 2811 237 2858 C.
265 2811 275 2857 ΙΙ
300 2815 345 2867 cxl
365 2825 377 2856 e
395 2811 461 2856 edili.
519 2811 549 2855 11
570 2811 670 2856 causinis
682 2811 710 2868 A,
730 2810 852 2856 caucaseis
866 2809 893 2855 G.

134 2885 146 2931 li
159 2889 248 2943 tanays
260 2881 308 2929 Ac.
367 2882 398 2927 12
417 2882 442 2926 in
461 2880 605 2940 paludibus]
624 2881 649 2927 in
667 2881 781 2928 Meotidis
799 2880 895 2939 paludi-

134 2956 183 3001 bus
197 2953 281 3000 (luido.
305 2952 315 2998 ΙΙ
339 2953 447 3011 disponit
460 2951 484 2999 0.
508 2952 518 2998 il
541 2951 640 2998 fluentia
652 2952 683 2996 B.
707 2953 716 2997 ΙΙ
735 2951 894 3010 poalflnenta

135 3025 158 3072 0
177 3025 233 3070 add.
258 3025 287 3070 de
310 3023 398 3070 finibus
420 3037 508 3082 europe
532 3025 563 3069 ad
587 3030 680 3082 partem
702 3021 892 3068 meridionalem.

135 3098 170 3144 14
186 3103 243 3155 post
260 3097 332 3140 finem
349 3097 369 3139 A
388 3095 457 3140 addit
475 3095 547 3140 circa.
605 3095 635 3140 15
655 3092 792 3140 Maeotidae
811 3106 856 3137 om.
869 3090 892 3137 0.

130 3169 143 3214 ΙΙ
158 3167 293 3228 Ingreditur
314 3166 359 3210 AB
380 3165 446 3211 cdiii.
520 3167 551 3212 16
580 3165 734 3224 propondida
752 3161 825 3219 ABG,
854 3163 894 3221 qai

129 3253 208 3298 cupro
226 3238 381 3297 propontida.
448 3237 478 3282 17
510 3237 534 3282 in
552 3236 730 3294 Ellispontuml
750 3233 894 3291 mellespon-
915 3261 916 3266 =

129 3317 184 3358 tam
205 3309 229 3357 0.
258 3307 268 3354 ΙΙ
293 3306 476 3368 ellesponticum
495 3310 523 3353 A.

692 3385 740 3428 21¹
