2464 3896
133 269 186 314 1³
944 265 962 318 9

158 439 172 481 1
211 413 285 476 niae
299 411 486 476 Vasconum
508 422 558 476 est
578 412 699 496 patria3
723 433 804 496 quae
822 411 965 478 Galletia

156 541 173 585 2
211 537 253 581 cx
281 515 447 602 praedicta
468 513 589 600 Spania
610 518 759 601 pertinet.
1038 501 1040 506 ¹

157 639 176 687 s
255 619 438 686 Undecima
459 627 495 682 ut
516 619 595 683 hora
618 618 681 683 disi
702 617 890 684 Vasconum
913 629 963 684 est

156 744 175 788 4
209 724 332 808 patria,
359 745 441 806 quae
470 723 647 806 antiquitus
670 722 847 806 Aquitania
876 722 963 788 dice-

158 848 175 892 t
211 826 318 890 batua

157 949 175 996 o
255 927 459 994 Duodecima
479 937 516 992 ut
538 927 617 992 hora
640 927 703 994 disi
718 929 889 994 Britonum
913 940 963 995 cst

158 1054 174 1098 ι
209 1033 330 1120 patria3
354 1032 448 1096 cuius
467 1041 542 1116 post
563 1039 656 1118 terga
677 1032 760 1096 infra
783 1030 962 1115 Oceanum,

157 1157 173 1203 s
209 1135 267 1200 ubi
290 1136 418 1222 longius
441 1142 491 1198 est
513 1132 649 1198 duorum
664 1134 787 1200 dierum
806 1157 880 1200 cum
895 1138 962 1202 suis

157 1263 173 1307 c
209 1239 361 1304 noctibus
371 1237 963 1327 prosperenavigantibusitenmagna

139 1367 172 1411 ιο
210 1343 318 1408 insula
331 1341 491 1406 Brittania
505 1341 635 1422 reiaect,
650 1364 746 1425 quam
762 1340 962 1408 Graecorum

139 1467 171 1514 11
211 1445 396 1532 philosophi
418 1444 511 1527 quasi
532 1445 702 1510 micosmin
717 1447 889 1532 appellant.
930 1457 963 1512 et
1008 1437 1009 1440 Ἴ

139 1571 172 1618 12
208 1559 299 1614 traam
321 1550 425 1634 ipsam
438 1547 631 1614 Brittaniam
645 1552 798 1636 treccntis
817 1552 961 1616 miliariis

139 1675 172 1721 ts
210 1653 334 1738 spatiis,
356 1652 413 1716 ubi
434 1652 573 1738 longius,
596 1651 767 1718 Scotorum
785 1655 892 1720 insula
913 1655 962 1719 in-

139 1782 173 1827 14
210 1757 355 1836 venitur,
389 1758 473 1839 quas
502 1765 534 1820 ct
561 1755 708 1821 Ybsrnia
737 1757 960 1822 conscribitur.
1029 1825 1035 1838 x

139 1883 171 1929 15
208 1882 284 1924 nam
305 1861 371 1923 iam
392 1860 477 1944 ultra
498 1860 597 1940 illam,
619 1869 656 1923 ut
669 1859 713 1923 ad
728 1860 961 1924 occidentalem

140 1989 172 2034 lo
209 1962 356 2028 dicamus
377 1963 517 2049 plagam,
539 1963 627 2030 nullo
650 1963 746 2027 modo
769 1962 809 2027 ab
825 1963 962 2028 homini·
1012 2050 1014 2054 .

138 2091 171 2136 17
208 2064 270 2131 bus
292 2075 379 2130 terra
399 2067 570 2131 invenitur.

139 2193 172 2241 18
241 2167 273 2238 4·
299 2168 435 2259 ultaque
455 2191 514 2254 per
535 2179 620 2234 totas
637 2169 807 2236 duodecim
823 2191 902 2252 quas
919 2169 962 2234 si·

140 2299 171 2346 19
209 2274 377 2360 gnavimus
399 2273 494 2337 horas
511 2271 574 2336 diei
596 2275 716 2358 patrias
732 2274 823 2338 iussu
838 2271 890 2336 dei
906 2275 962 2357 qui

42 2449 43 2455 ,
137 2403 170 2448 to
208 2377 360 2463 producit
387 2385 500 2441 ventos
529 2375 569 2440 de
598 2376 757 2442 thesauris
786 2377 853 2442 suis
882 2377 962 2442 flant

211 2594 223 2638 1
243 2605 390 2652 guasconum
407 2591 437 2638 A.
455 2590 465 2636 ΙΙ
481 2589 575 2650 gallitia
591 2591 613 2638 B
632 2591 696 2638 aditi.
746 2593 760 2638 6
780 2593 919 2652 briptonum
931 2595 960 2640 Α.

210 2665 224 2708 9
251 2663 350 2710 notibus
368 2662 398 2726 lt
448 2663 479 2708 10
507 2661 715 2708 Britanniaaditi.
766 2665 796 2708 11
825 2664 960 2722 micosmin]

209 2735 225 2778 i.
243 2747 263 2778 e.
282 2729 447 2800 ἡμικόσμιον.
465 2729 499 2792 cf.
526 2731 601 2788 1⁷31,
620 2732 660 2778 ubi
677 2733 746 2792 quasi
760 2731 877 2780 micosmi.
897 2735 960 2790 „nisi

207 2803 332 2850 Britannia
346 2803 428 2868 ‘insula
444 2816 494 2848 non
512 2802 620 2861 qualibet
631 2802 789 2863 amplitudine
800 2818 887 2850 nomen
899 2817 960 2864 pana

209 2875 273 2920 orbis
285 2873 383 2930 altanus
396 2877 541 2924 mereretur“
560 2873 637 2919 Solia.
655 2875 689 2919 22
705 2889 730 2932 p.
741 2875 773 2920 41
792 2875 868 2921 Saltu.
884 2903 914 2914 -
928 2878 961 2922 si-

208 2943 296 2990 militer
315 2944 380 3002 apud
395 2943 499 2990 Plinium
521 2944 551 3001 (4
570 2945 605 2990 13
625 2946 673 3002 27)
696 2945 858 2992 Scandinooiu
881 2946 961 2992 insula

208 3015 269 3062 altar
284 3015 351 3061 orbis
367 3020 483 3061 tanarum
500 3013 645 3073 appellator.
723 3018 754 3062 12
783 3017 912 3064 britaniam
928 3017 959 3074 B,
1054 3037 1055 3040 ¹

207 3085 357 3132 Britanniam
365 3085 430 3132 adiu
438 3085 447 3131 ΙΙ
455 3085 624 3143 miliaribusA,
635 3086 752 3134 milliariis
762 3087 827 3132 editi.
866 3089 897 3134 ts
917 3088 960 3132 ubi

207 3154 407 3216 homunculos.
422 3156 444 3200 V
458 3155 501 3202 32.
557 3157 589 3203 14
607 3157 725 3204 Hibsmia
735 3158 799 3203 editi.
849 3159 881 3204 18
900 3158 960 3203 duo·

209 3227 285 3274 decim
302 3226 446 3274 minwed.
520 3228 551 3272 19
578 3228 645 3274 horis
662 3229 730 3286 aditi,
749 3225 783 3288 cf.
801 3229 817 3274 Ι
833 3228 876 3274 13.
