2408 3892
488 546 642 633 Tergeste

487 650 687 716 Alessieoion

487 753 684 818 Foroiulium

486 856 628 922 Puoiolis

487 959 640 1043 Aquileia
661 956 778 1022 nobilis
807 967 841 1022 et
863 959 941 1023 olim
964 960 1099 1025 inolita:

287 1086 301 1129 1
337 1062 421 1127 hano
443 1062 549 1127 Attila
570 1061 774 1127 saevissimus
798 1062 883 1146 oepit
906 1071 939 1126 et
963 1061 1084 1127 diruit:

286 1189 300 1234 e
487 1163 669 1230 Concordia

286 1293 300 1336 s
486 1269 633 1334 Altinum

269 1397 300 1441 10
486 1370 667 1436 Trahitium

269 1499 299 1545 11
490 1475 671 1556 Patavium,
693 1497 790 1558 quam
810 1475 938 1560 elapsus
954 1476 1099 1566 Achivis

269 1603 300 1648 12
336 1578 583 1643 Antenor....

270 1707 300 1752 ιε
486 1682 585 1748 Mons
608 1682 717 1768 sylieis

269 1809 301 1855 14
485 1786 623 1852 Prosilia
713 1871 717 1880 ,

268 1911 299 1955 15
485 1889 646 1954 Adestum

269 2014 299 2058 1s
485 1991 717 2078 Adrianopolis
739 2001 772 2056 et
792 1991 969 2077 praemissa

268 2117 299 2162 17
486 2096 652 2162 Ravenna.

268 2222 299 2266 18
379 2201 443 2265 Per
476 2200 607 2266 sinuosa
644 2199 744 2286 igitur
780 2199 875 2264 litora
905 2200 1097 2266 Dalmatiae
1193 2231 1194 2236 ¹

268 2324 299 2368 19
335 2303 512 2369 Liburniae
541 2313 574 2368 et
602 2301 813 2368 Venetiarum
843 2325 863 2366 a
889 2303 1098 2389 praescripta

267 2425 299 2470 20
335 2406 415 2472 urbe
442 2407 644 2494 Epidaurum
672 2427 758 2470 nune
780 2406 972 2471 Diraehium
998 2407 1097 2472 vide-
1192 2423 1193 2434 ¹

268 2527 298 2572 11
335 2511 413 2576 lieet
435 2533 537 2595 usque
560 2508 602 2574 ad
625 2532 721 2595 saepe
746 2509 866 2576 dietam
887 2509 1000 2575 urbem
1024 2509 1097 2576 Ra-

267 2632 299 2676 aa
335 2637 474 2679 vennam
502 2614 650 2680 civitates
682 2622 758 2678 sunt
783 2631 864 2680 ιω]
892 2623 925 2678 et
952 2615 1097 2682 miliaria

267 2735 299 2782 13
334 2741 489 2803 passuum
509 2717 596 2782 mille
618 2737 669 2782 xvi
690 2717 894 2804 colligrmtur.

267 295 321 350 tu

288 465 300 508 1
365 440 437 510 117.
484 440 597 528 Capris

286 569 301 718 Ξ

286 778 301 821 4

287 879 301 924 1

287 980 301 1028 6

370 3065 444 3111 codex
462 3063 483 3110 b.
657 3107 664 3120 ,
779 3063 814 3125 ef.
826 3066 885 3112 Rau.
898 3066 951 3114 382
971 3069 1004 3112 10
1018 3081 1055 3127 sq.

337 3171 369 3215 22
397 3174 482 3226 Lxxnl
500 3176 554 3216 omit
572 3173 724 3231 septuapinto
740 3185 794 3216 unu.
