2378 3902
83 355 174 404 1v18

102 526 115 570 1
310 501 418 588 Lippa

103 628 117 673 1
311 605 426 670 Linao.
475 615 477 620 '

102 732 117 776 a
194 705 246 776 18.
291 707 375 773 Item
390 709 432 774 ad
446 719 570 796 partem
585 710 678 794 quasi
692 707 913 790 meridianam,

104 835 120 880 4
158 811 321 896 quomodo
352 835 371 877 a
400 814 634 900 spatiosissima
662 813 790 878 dicatur
815 820 913 892 terra,

105 936 119 981 5
159 927 211 981 est
241 917 350 1002 patria·
381 939 463 1001 quae
493 916 613 982 dieitur
641 917 737 982 Albis
765 913 912 1002 Ungani,
948 969 953 979 ,

107 1041 120 1085 1
159 1029 332 1086 montuosa
346 1043 404 1106 per
417 1021 562 1108 longum,
582 1022 673 1105 quasi
689 1019 731 1086 ad
746 1017 914 1086 Orientem

107 1145 120 1188 1
158 1125 298 1189 multum
309 1123 503 1207 extenditur,
515 1126 606 1190 ouius
618 1125 725 1209 aliqua
735 1118 913 1209 parsBaias

108 1249 122 1292 a
159 1225 290 1291 dieitur.
327 1227 704 1312 praenominatamAlbis
715 1226 852 1314 patriam
865 1247 915 1290 se-

109 1351 122 1396 a
160 1329 304 1397 eundum
337 1333 518 1418 praefatum
545 1331 811 1397 Maroummirum
843 1329 915 1414 phi-

95 1456 124 1500 11
159 1435 342 1520 losophum,
365 1436 421 1519 qui
444 1433 618 1501 Saxoniam
641 1434 806 1515 describit,
829 1431 914 1498 desi-

95 1558 122 1602 11
159 1540 342 1626 gnavimus.
394 1539 474 1603 haee
501 1541 607 1624 patria
635 1539 733 1604 habet
760 1559 825 1602 non
847 1559 915 1602 mo-

97 1661 125 1707 11
161 1640 236 1706 diua
257 1641 400 1724 flumina,
422 1643 507 1707 inter
530 1653 636 1708 cetera
650 1643 767 1707 fluvius
782 1639 915 1728 grandis

99 1765 126 1809 11
161 1747 217 1830 qui
233 1743 353 1810 dieitur
364 1746 460 1811 Albis
477 1756 510 1810 et
520 1746 719 1832 Bisigibilias
735 1746 914 1832 sexaginta,

99 1867 127 1911 11
161 1849 301 1933 quaein
324 1847 458 1915 Ooeano
480 1849 670 1914 funduntur.

100 1973 127 2018 15
195 1951 246 2020 19.
291 1951 376 2017 Item
403 1954 578 2018 confinales
606 1951 750 2017 eiusdem
771 1951 914 2038 regionis

100 2076 127 2121 11
162 2067 238 2122 sunt
266 2058 389 2142 patriae
424 2058 519 2144 longe
548 2057 677 2140 lateque
705 2055 915 2120 dilatissimae

100 2179 128 2224 11
162 2161 244 2227 duae
267 2183 349 2246 quae
371 2163 577 2226 nominantur
590 2160 788 2242 Pannoniae,
810 2157 916 2224 idest

102 2283 129 2329 11
161 2264 293 2330 inferior
309 2273 341 2329 et
356 2265 510 2350 superior.
549 2287 630 2351 quas
651 2265 771 2350 patrias
786 2262 917 2350 plurimi

164 2429 175 2472 l
195 2427 289 2486 Lippa]
308 2426 397 2486 Lippia
413 2430 461 2474 1111
479 2428 575 2487 Luppia
593 2426 657 2474 aliia.
713 2427 727 2473 2
747 2425 835 2482 Linae]
854 2439 916 2471 111111

161 2495 251 2545 Leine‘?
277 2497 287 2542 11
311 2504 367 2556 post
384 2498 460 2545 Linuo
481 2497 570 2545 dado.
591 2499 620 2544 de
638 2498 717 2558 patria
735 2497 798 2544 albis
817 2496 914 2556 ungani.

164 2571 177 2616 3
197 2569 331 2616 meridiano
350 2569 381 2614 B.
436 2571 452 2616 4
479 2570 599 2628 quomodo
619 2573 646 2626 a]
666 2583 713 2626 quo
733 2568 797 2614 editi.
825 2567 835 2613 11
861 2580 916 2625 spa-

163 2639 297 2686 tiosissima
317 2638 340 2686 θ.
397 2639 411 2686 5
433 2647 489 2698 post
506 2640 576 2686 Albis
595 2640 652 2686 editi
671 2638 782 2685 lacunam
800 2638 913 2693 indicant,

163 2725 232 2770 qoam
249 2710 373 2756 maeatas
392 2713 431 2767 (tu
449 2711 519 2757 Miro.
542 2710 626 2756 Berol.
647 2710 688 2756 14
708 2709 806 2770 puae.
831 2706 913 2754 Berol.

163 2781 240 2827 1734.
260 2781 316 2836 411)
336 2784 372 2826 ita
389 2779 466 2840 explet
484 2787 508 2828 et
527 2781 600 2840 plana
618 2785 654 2828 eat
671 2795 754 2828 versus
767 2779 916 2840 Septentrio-

162 2867 224 2910 nem,
237 2852 281 2898 ubi
292 2852 413 2898 habitant.
436 2852 446 2898 11
465 2851 575 2912 Ungani]
594 2851 693 2912 Urgum,
707 2851 804 2910 Urcani,
817 2850 915 2906 Uerani,

163 2937 222 2982 gens
250 2921 348 2969 Slaviea
375 2922 469 2969 Friseli.
495 2923 512 2968 l.
538 2922 568 2980 l.,-
599 2921 632 2984 ef.
649 2922 810 2982 Maurungani
833 2922 867 2967 28
891 2919 915 2966 3.

165 2995 178 3040 6
208 2993 289 3052 quasi!
310 3007 371 3052 quaa
390 2994 454 3040 editi.
514 2995 527 3039 7
556 2995 634 3054 boyas
655 2992 678 3039 C.
737 2995 752 3040 8
780 2992 917 3052 praenomi-

164 3069 222 3110 nata
239 3063 260 3110 A
279 3063 343 3110 editi.
371 3064 381 3110 11
406 3065 485 3124 patria
496 3065 540 3111 AB
552 3065 616 3110 editi.
673 3065 704 3110 10
725 3064 877 3122 designamus
892 3059 915 3107 C.

166 3137 197 3182 13
216 3134 374 3194 Bisigibilias]
388 3134 476 3181 slaviae
488 3137 504 3181 i.
518 3150 540 3195 q.
552 3135 622 3182 Albia
634 3149 690 3194 pars
702 3135 811 3193 superior
823 3131 916 3182 Friaelr.

166 3205 182 3251 l.
193 3204 208 3252 l.
215 3223 223 3262 ,-
243 3219 274 3252 on
287 3205 409 3266 tepentium
415 3207 513 3266 Visurgi
523 3211 547 3252 11
557 3206 605 3252 alia
615 3201 758 3265 sexaginta?
814 3205 845 3249 14
861 3209 918 3261 post

165 3277 299 3323 funduntur
319 3275 338 3322 0
354 3277 410 3324 odd.
430 3278 458 3322 de
478 3273 571 3323 duabus
583 3277 712 3336 pannoniis
725 3276 750 3321 id
763 3279 800 3320 ast
811 3273 918 3320 inferiori

166 3353 190 3394 11
207 3349 333 3406 superiori.
389 3347 421 3395 rt
441 3347 565 3394 confinalis
583 3348 648 3393 aditi.
