2376 3904
313 224 369 280 Μ
1050 233 1115 282 vis

335 395 349 442 1
384 376 541 442 montium
567 387 625 441 aut
652 400 673 440 a
700 376 865 464 praedicto
889 376 1015 446 Oceano
1040 377 1112 444 dila-

333 498 349 544 a
384 479 519 544 tissime.
564 479 623 546 sed
650 481 737 566 quod
766 483 999 567 multiloquium
1018 483 1114 548 mitta·

334 604 349 648 a
385 605 457 648 mus
478 585 726 650 aestimavimus.

332 705 349 752 4
407 685 460 754 lt.
503 685 602 770 Quod
616 689 644 754 si
658 688 786 752 minime
801 697 930 756 nostrae
944 690 1113 777 fragilitatis

333 808 348 856 5
384 792 499 858 fefellit
511 815 613 873 mens,
634 792 719 857 siout
733 815 792 856 uos
805 792 1060 879 philosophorum
1072 793 1115 857 in-

334 916 349 962 e
384 897 502 960 struxit
516 895 652 976 astucia,
667 904 724 960 aut
737 904 774 960 ut
787 918 884 981 super
898 898 1115 982 scriptumest,

334 1021 348 1068 r
384 999 462 1064 dum
482 1008 710 1064 transmetatae
732 1008 808 1064 sunt
827 1000 983 1085 plurimae
1003 1009 1115 1088 gentes,

332 1125 349 1170 e
385 1112 421 1168 ut
442 1101 598 1167 barbarus
612 1125 682 1168 mos
697 1111 757 1184 est,
778 1104 915 1168 forsitan
929 1103 1021 1170 modo
1034 1104 1117 1168 alitor

333 1228 348 1274 a
384 1205 594 1293 appellantm.
639 1229 715 1270 nam
729 1229 838 1272 omnes
853 1208 995 1293 prolatas
1008 1211 1115 1293 patrias

316 1331 348 1376 to
384 1309 507 1392 mundi,
529 1307 659 1374 Christo
680 1309 773 1374 nobis
795 1309 1055 1396 philosophorum
1067 1309 1116 1376 ad-

315 1436 344 1479 11
384 1417 514 1480 iuvante
541 1413 733 1496 munimine,
761 1413 892 1480 alterius
922 1438 962 1480 ex
988 1410 1117 1500 quolibet

315 1536 347 1583 ιε
383 1519 482 1583 latere
499 1539 653 1583 oonexam
665 1516 916 1603 designavimus.
954 1529 986 1584 et
995 1519 1117 1584 fortasse

315 1639 347 1684 1³
384 1622 479 1688 aliam
501 1621 711 1686 intentionem
733 1620 891 1706 quispiam
918 1623 1116 1709 proposuerit,

317 1745 347 1790 14
384 1726 535 1792 adserens
557 1723 717 1808 quomodo
732 1724 881 1808 aequales
897 1727 1057 1810 portiones
1071 1748 1116 1792 ao·

316 1851 347 1897 ru
385 1838 539 1916 oeperunt
565 1828 624 1892 filii
645 1827 736 1910 Noe,
765 1831 839 1892 oum
866 1825 990 1894 dietum
1016 1832 1057 1895 sit
1082 1828 1116 1894 ad

316 1954 346 1999 le
383 1956 534 2001 oceasum
566 1932 662 1996 finem
697 1929 814 1995 habere
842 1931 958 1997 Asiam
984 1934 1115 2020 superius

314 2057 346 2102 ιτ
383 2038 503 2103 dietam
530 2034 736 2120 Aethiopiam
763 2033 1040 2122 Trogloditorum,
1069 2036 1114 2102 ubi

315 2160 346 2206 ιε
382 2140 560 2209 seeundum
573 2139 749 2225 praefatam
762 2141 1022 2224 supputationem
1034 2141 1113 2206 tertia
1181 2209 1182 2216 χ

314 2262 345 2307 19
381 2246 462 2312 hora
483 2244 548 2310 diei
569 2265 666 2328 super
686 2240 943 2328 designationem
965 2245 1054 2328 quasi
1067 2242 1111 2308 ad·

383 2435 396 2482 l
416 2437 469 2492 ant]
487 2433 527 2480 vel
544 2434 567 2479 B
585 2433 650 2480 editi.
704 2433 719 2478 2
738 2432 895 2479 immittamus
910 2433 941 2492 B,
964 2435 1064 2481 nitamur
1072 2432 1108 2480 Ae.

382 2505 599 2553 Sexstimauimna
619 2506 649 2562 A,
676 2503 845 2550 extimavimus
864 2501 888 2550 C.
960 2504 975 2551 5
1003 2505 1072 2552 seielit
1085 2504 1108 2550 B.

380 2577 459 2632 linos}
477 2577 549 2624 nobis
566 2574 615 2622 BC.
696 2576 710 2620 6
738 2581 780 2621 aut
798 2588 843 2620 om.
861 2573 927 2621 editi.
954 2575 964 2620 ΙΙ
991 2581 1017 2622 ut
1033 2591 1071 2622 on.
1085 2575 1107 2620 B.

380 2647 391 2695 ΙΙ
403 2655 439 2696 est
457 2662 501 2693 ont
517 2647 541 2695 0.
596 2649 772 2693 itranstneato
793 2643 818 2692 0.
873 2645 1107 2704 9appellantur1lis

379 2721 515 2766 intermittit
532 2717 559 2765 G.
596 2717 606 2762 ll
644 2722 702 2776 post
724 2716 815 2776 patrias
832 2713 876 2762 ΒΟ
892 2716 947 2762 odd.
967 2723 1036 2775 totas,
1059 2715 1107 2762 ltotl

380 2793 479 2838 coniecit
496 2790 578 2836 totius.
635 2789 665 2832 11
692 2788 831 2843 munimine]
851 2801 946 2832 mutuno
959 2790 988 2846 Δ,-
1007 2787 1105 2840 imunoB,

379 2859 483 2908 Numine
501 2859 565 2906 editi.
592 2858 602 2904 ΙΙ
628 2858 737 2915 alterius]
756 2857 825 2904 alteri
843 2858 894 2903 314
913 2859 956 2904 10.
985 2859 995 2906 ΙΙ
1019 2858 1106 2917 qualibet

379 2932 424 2978 AB
441 2932 506 2977 editi.
562 2931 592 2976 12
616 2942 750 2976 connexam
771 2926 869 2975 Coditi.
929 2929 961 2975 la
986 2929 1031 2976 alia
1046 2930 1105 2976 nun

379 3003 445 3050 tione
453 3000 502 3048 Ac.
520 3000 531 3046 il
548 3001 666 3059 quispiam
675 2999 835 3059 proposuerit]
844 3003 997 3058 proposuerit
1004 3000 1079 3058 aliquis
1088 2995 1104 3043 θ.

381 3074 413 3120 14
432 3085 538 3120 asserem
549 3070 568 3119 0
577 3071 641 3118 editi.
679 3071 711 3117 16
730 3071 830 3116 haberet
838 3071 889 3116 asia
899 3071 921 3115 B
932 3071 996 3118 editi.
1032 3072 1059 3117 17
1074 3069 1105 3116 tri·

378 3143 524 3203 gloditorum
532 3143 574 3260 ἐ,
602 3140 763 3202 trigliotorum
782 3141 812 3197 B,
841 3141 1039 3202 Troglodytornm
1056 3141 1103 3186 edili.

380 3216 411 3262 18
439 3215 514 3264 tercia
551 3248 556 3258 ·
1180 3229 1181 3238 ¹
