2404 3896
119 319 208 358 ccmo
229 309 244 354 8
903 307 954 362 451

140 479 157 523 1
195 453 333 518 hominis
349 452 405 534 eit,
421 452 528 538 ipsum
543 450 640 518 deum
651 475 759 518 rerum
772 463 949 521 creatorem

140 582 158 628 2
196 557 317 622 dixisse
349 579 434 638 „non
457 564 506 622 est
528 555 666 639 bonum,
695 556 857 622 hominem
879 581 950 624 esse

139 684 158 730 e
196 661 317 740 solum3
345 659 501 726 faciamus
531 661 561 724 ei
590 659 785 726 adiutorium
815 661 948 728 simile.“

138 778 159 824 4
195 788 255 851 per
276 765 363 850 quod
384 763 501 850 probet
515 772 548 828 et
562 762 713 842 ostendit,
737 787 950 850 unumquem-

139 885 157 932 5
196 891 259 953 qne
282 869 446 934 hominum
469 868 584 933 ceteris
606 867 790 934 hominibus
811 869 950 934 nesciet

139 991 157 1037 o
196 973 243 1038 eis
266 971 383 1039 debere
405 972 558 1037 officium.

139 1095 156 1140 7
229 1077 260 1144 3.
305 1075 403 1142 Unde
422 1098 482 1162 ego
494 1073 605 1140 Guido
615 1074 767 1140 inductus
777 1098 836 1160 pro
848 1075 951 1140 scien·

138 1197 157 1242 s
194 1183 242 1246 tia
255 1203 328 1246 mea
343 1188 376 1244 et
390 1178 512 1244 viribus
524 1179 622 1242 stetui
633 1179 667 1243 in
680 1179 810 1244 humani
822 1179 948 1266 generis

138 1304 155 1349 e
195 1285 383 1350 societatem
399 1283 531 1348 civitae
548 1284 804 1348 communionem
818 1305 950 1368 operum

119 1411 157 1457 10
196 1398 229 1453 et
251 1386 431 1452 studiorum
453 1410 597 1451 meorum
620 1384 782 1470 quendam
804 1385 949 1452 conferre

118 1516 155 1562 11
194 1491 386 1578 perticulam
407 1491 505 1577 longo
530 1491 742 1575 conquisitam
764 1490 885 1570 labore,
912 1498 949 1552 ut

118 1617 156 1664 12
195 1619 306 1661 eorum
335 1595 391 1679 qui
427 1592 466 1658 de
501 1593 616 1659 officiis
648 1595 805 1680 scripsere
833 1591 948 1658 studiis

119 1721 155 1767 13
196 1697 408 1779 concordans,
427 1721 461 1762 re
473 1697 545 1784 ipsa
556 1709 589 1763 et
600 1699 753 1764 exercitio
765 1707 798 1763 ct
808 1699 843 1762 in
857 1719 948 1783 prae·

117 1829 156 1875 14
195 1804 279 1869 senti
302 1811 334 1868 et
356 1810 480 1867 ceteros
501 1819 573 1867 meo
587 1803 720 1868 incitem
735 1801 892 1886 exemplo,
915 1808 948 1863 et

116 1930 154 1978 15
193 1908 228 1972 in
251 1908 359 1972 futuro
382 1904 425 1970 ed
447 1904 534 1990 qnod
548 1905 660 1971 laboro
676 1915 709 1971 ct
723 1903 855 1970 intendo
872 1926 947 1968 con-

115 2036 154 2083 1e
193 2033 312 2095 sequar
332 2010 519 2094 praemium.

229 2236 321 2282 cotim
339 2233 412 2296 tsmr.

196 2345 208 2388 1
238 2339 343 2388 hominis
372 2341 463 2388 evanid.
492 2343 517 2388 in
544 2339 566 2390 b.
655 2341 672 2388 4
699 2354 885 2400 unumquenque
914 2355 944 2386 m.

194 2411 209 2458 5
238 2413 338 2458 caeteris
364 2427 386 2457 r.
460 2414 474 2459 6
503 2413 549 2470 eis}
577 2413 629 2458 eius
655 2427 678 2458 r.
751 2413 765 2460 7
793 2411 898 2458 sciencie
918 2409 943 2472 s.

193 2485 208 2530 9
236 2483 404 2530 comunionem
425 2481 467 2544 sr.
558 2484 588 2528 12
617 2483 713 2542 scripsit
732 2483 811 2543 (corr.
830 2482 864 2528 al.
882 2497 944 2528 man.

191 2555 352 2614 scripserunt)
371 2570 401 2601 m.
458 2556 489 2600 13
518 2555 637 2600 exercicio
657 2551 683 2614 s.
739 2553 771 2600 14
799 2559 905 2600 caeteros
922 2568 943 2598 r.

191 2626 202 2671 ΙΙ
216 2629 283 2682 mec]
301 2625 373 2671 modo
392 2640 436 2670 mr.
494 2626 524 2671 16
552 2626 581 2670 In
600 2623 631 2686 bf
644 2630 773 2685 sequnntur
791 2623 848 2670 hacc

212 2748 222 2784 1
280 2729 373 2777 Primus
391 2730 453 2777 liber
472 2731 579 2778 continet
596 2729 698 2789 ltaliam,
717 2731 788 2778 urbes
807 2736 832 2777 et
848 2732 945 2792 provin-

210 2816 224 2855 2
245 2801 294 2850 cies
311 2801 390 2860 Italic,
410 2807 434 2848 et
451 2801 585 2848 Romanum
602 2801 736 2848 historiam.

194 2893 196 2896 ·
211 2889 224 2928 ³
280 2871 404 2920 Secundus
416 2873 446 2919 de
458 2873 538 2933 regnis
550 2872 683 2931 militieqne
700 2871 834 2929 vocabulis,
854 2874 883 2919 de
895 2873 946 2918 edi·

211 2963 222 2997 t
244 2945 304 2990 ficiis
322 2943 435 3003 publicis,
462 2945 491 2989 de
515 2943 668 3001 habitaculis,
696 2945 726 2990 de
744 2944 846 3001 civibus,
873 2944 944 2989 etde

210 3031 222 3068 s
244 3013 329 3062 anulis.

209 3102 223 3138 e
279 3085 373 3132 Tertius
392 3085 421 3130 de
439 3084 557 3131 diuisione
576 3085 649 3142 orbis,
674 3085 787 3142 derisio,
806 3085 835 3130 de
853 3083 943 3140 Africo,

209 3172 221 3209 τ
243 3158 272 3204 de
285 3156 390 3216 Europe,
410 3156 508 3202 nomina
518 3155 726 3216 philosophorum,
746 3157 851 3202 demere
869 3154 945 3200 medi·

243 3310 394 3364 lYtnFums.
447 3309 627 3364 imilicteqnef.
679 3306 820 3420 tterqiqqf.
