2372 3904
72 337 106 383 111
125 340 157 384 11
835 335 886 390 165

91 507 102 548 1
183 483 299 548 Nullus
316 505 392 548 vero
407 484 555 548 aestimet
570 505 608 546 eo
623 483 711 566 quod
725 507 790 548 non
804 485 886 549 mul-

90 609 104 652 1
140 597 189 651 tae
210 589 333 673 patriae
349 586 455 652 diotae
471 588 594 651 suntin
609 587 755 672 portione
771 585 885 668 Cham,

91 710 105 753 a
143 693 212 774 quia
232 693 338 756 minua
362 693 392 755 ei
407 692 567 756 evenisset
580 700 684 754 terrae
700 713 795 772 quam
810 689 887 758 Sem

92 812 107 855 4
145 805 174 859 et
195 794 328 881 Iaphet3
363 794 425 860 nisi
453 793 530 860 dum
558 815 709 858 eaumosa
737 805 770 858 et
797 794 888 860 arida

94 915 107 959 5
146 901 279 964 existunt
301 898 374 962 loea
397 921 479 982 quae
501 897 648 962 habitant
670 898 826 980 homines,
855 907 887 962 et

95 1020 109 1064 a
146 1001 215 1067 dum
237 1002 488 1088 spatiosissimae
504 1002 646 1066 existunt
659 1002 793 1087 patriae,
813 1000 887 1066 ideo
929 1001 933 1011 '

96 1123 109 1166 ι
146 1108 186 1171 sie
202 1107 343 1172 breviter
360 1104 529 1191 designare
540 1105 697 1170 volumus.
726 1105 888 1190 Designa-

96 1225 111 1269 a
145 1208 889 1296 taanobiepatriasAffioaereperiesxrn,regio-
962 1251 964 1258 ,

98 1327 112 1370 9
145 1337 212 1378 nem
234 1337 257 1395 ι,
278 1313 400 1378 insulas
422 1332 475 1395 nu,
499 1313 645 1377 civitates
668 1329 889 1392 ccccctxxxnr,

85 1428 112 1470 1⁰
145 1417 272 1482 flumina
294 1435 387 1497 xxm,
409 1415 500 1482 laeua
523 1435 565 1480 ιιι.

84 1533 112 1576 11
164 1520 213 1589 12.
238 1519 427 1604 completur
438 1528 546 1584 autem
556 1515 781 1605 portioCham‚
793 1540 889 1601 quam

86 1637 115 1680 12
146 1624 327 1711 geometrici
349 1623 533 1709 philosophi
548 1623 693 1687 Africam
702 1609 889 1707 ‘appellave-

87 1741 116 1783 18
147 1737 233 1808 runt,
261 1727 384 1792 habeus
413 1727 518 1791 finem.
541 1726 582 1790 ad
606 1723 773 1790 Orientem
800 1724 891 1790 iuxta

88 1843 117 1886 14
148 1829 311 1896 Oceanum
336 1831 514 1915 praelatam
535 1829 691 1894 Arabiam
720 1852 737 1892 e
759 1828 890 1914 regione

88 1948 116 1993 15
148 1936 238 2000 maria
267 1933 371 2000 Rubri
405 1945 437 1997 et
471 1957 511 1998 ex
537 1941 628 2018 parte
655 1931 795 2018 regionis
810 1929 891 1994 'He-

89 2051 116 2096 16
148 2037 322 2104 braeorum.
368 2036 484 2102 deinde
502 2036 642 2102 admare
657 2057 810 2122 magnum
820 2033 891 2096 fini-

90 2158 116 2201 ιι
148 2152 207 2224 tur,
232 2151 269 2206 ut
292 2140 415 2205 dietum
439 2151 498 2223 est,
527 2141 598 2227 ipsa
619 2140 725 2226 portio
748 2135 892 2202 chama

153 2403 164 2446 1
189 2402 289 2446 extimet
311 2398 360 2455 BC,
387 2399 509 2444 existimet
534 2397 598 2443 editi.
664 2398 679 2442 2
707 2397 819 2456 porcione
841 2393 891 2440 Bo.

151 2473 164 2518 3
190 2473 210 2517 ei
233 2485 278 2517 om.
298 2470 320 2515 Β
338 2469 403 2516 editi.
430 2470 440 2515 ΙΙ
465 2469 571 2516 venisset
591 2467 635 2512 AB
657 2467 722 2514 edici.
750 2466 760 2512 u
785 2472 847 2512 terre
867 2463 891 2522 0,

149 2543 248 2588 arran.
289 2541 431 2599 tiarnphet
445 2538 469 2585 C.
513 2536 893 2596 7Deeignatae-101eeuen1

150 2627 191 2658 om.
202 2612 246 2658 AB
258 2610 323 2657 editi.
379 2613 393 2657 8
417 2611 498 2656 affrico
520 2607 543 2656 0.
572 2609 581 2654 ΙΙ
606 2610 703 2667 regione
724 2607 747 2654 0.
803 2608 892 2654 amr

151 2685 250 2729 auratas
263 2681 315 2728 573
329 2680 458 2741 etflumina
470 2680 513 2726 32.
552 2681 583 2726 10
602 2678 640 2725 lae
655 2678 679 2726 G.
698 2679 708 2726 ΙΙ
723 2677 893 2737 portlaeuem

153 2752 255 2811 Gaddir,
278 2755 356 2812 spatio
374 2765 447 2798 vocuo
465 2765 507 2797 aar
523 2749 561 2796 vel
577 2755 665 2808 reptem
682 2763 789 2796 versuum
807 2760 894 2807 capuae

149 2824 229 2870 relicto
253 2825 283 2870 de
307 2823 396 2870 finibus
418 2823 498 2870 affriee
520 2822 639 2880 portionis
662 2822 731 2867 oham
750 2825 775 2866 et
793 2818 895 2878 qualiter

150 2896 286 2955 completur.
318 2895 347 2940 de
358 2894 446 2940 finibus
464 2893 544 2939 affrice
557 2893 587 2938 ad
600 2893 723 2940 orientem.
779 2891 810 2936 11
830 2903 894 2935 eom-

149 2965 259 3023 pleetitur
277 2965 341 3012 editi.
370 2965 380 3012 u
406 2967 498 3020 autem]
517 2968 572 3009 ente
593 2961 616 3008 0.
682 2963 713 3008 12
742 2960 893 3021 geometrici}

151 3050 215 3096 geom
233 3043 258 3083 et
276 3037 320 3082 rici
338 3036 366 3091 A,
395 3048 472 3095 gaeon
495 3039 519 3080 et
536 3034 580 3080 riri
602 3034 632 3090 B,
660 3033 743 3092 greoni
762 3037 786 3078 et
803 3031 847 3077 rici
870 3027 893 3084 C,

152 3106 214 3154 Geon
226 3113 251 3154 et
262 3107 315 3154 aar
333 3105 397 3152 editi.
424 3105 434 3152 ΙΙ
460 3103 613 3164 appellarunt
630 3104 694 3150 editi.
751 3104 782 3148 13
801 3101 839 3148 hic
856 3113 896 3145 ao-

151 3179 208 3226 vedu
221 3178 306 3225 Gnido.
333 3176 343 3223 ΙΙ
368 3177 501 3223 horientem
519 3177 550 3220 B.
606 3178 638 3222 14
657 3190 669 3222 e
687 3175 793 3233 regione]
811 3185 843 3216 ex
860 3183 897 3214 re-

151 3250 217 3308 gione
237 3247 261 3307 0,
281 3255 306 3296 et
322 3248 444 3307 regionem
464 3246 491 3293 G.
548 3247 578 3293 15
597 3247 709 3306 regionis]
728 3244 849 3300 regionem
869 3239 896 3285 G.

132 3320 160 3364 ·ΙΙ
171 3321 312 3367 hebreorum
330 3317 378 3366 Bc.
436 3320 466 3364 17
486 3318 568 3377 porcio
587 3316 636 3362 BC.
