2372 3904
88 345 160 392 1116

107 516 119 558 1
307 491 447 577 Masaga

106 618 121 661 a
308 595 418 681 Abiga

107 721 121 765 3
307 698 457 784 Puplitus

107 825 122 867 4
250 885 252 890 Ι
308 800 444 868 Sadinta

107 925 121 972 5
307 906 429 970 Amesa

107 1033 121 1076 s
308 1007 428 1072 Adime

108 1140 121 1182 7
306 1111 574 1177 Limoletendum.

107 1240 121 1284 a
191 1216 219 1282 7.
264 1214 348 1279 Item
379 1237 479 1300 ‘super
510 1216 613 1299 ipsam
646 1213 834 1280 Numidiam
869 1216 903 1280 in

107 1343 120 1384 a
158 1320 315 1383 montanis
350 1328 382 1383 et
412 1319 560 1404 planiciis
596 1317 676 1384 loeis
714 1329 763 1383 est
799 1321 904 1405 patria

92 1445 121 1488 10
159 1443 237 1506 quae
272 1421 392 1486 dicitur
424 1422 623 1486 Mauritania
654 1424 745 1506 quasi
777 1421 902 1504 Rubea,

91 1548 120 1591 11
159 1547 237 1608 quae
255 1535 287 1590 et
302 1525 465 1592 Sitifensis
481 1526 669 1610 appellatur.
716 1527 806 1590 ouius
822 1528 904 1592 fines

92 1649 121 1692 12
159 1653 176 1693 a
197 1630 359 1694 montibus
383 1653 483 1713 usque
506 1627 548 1693 ad
563 1652 649 1693 mare
666 1653 818 1716 magnum
832 1653 905 1716 per-

93 1752 122 1797 13
157 1735 301 1820 tingunt:
329 1757 405 1798 uam
427 1731 468 1797 ad
491 1730 661 1798 Oeeanum
686 1735 774 1798 nullo
797 1733 903 1799 modo.

93 1858 122 1902 14
157 1859 252 1920 quam
280 1836 418 1922 patriam
440 1835 619 1900 seeundum
643 1833 826 1902 Castorium
848 1861 916 1901 n0-.

93 1961 121 2006 15
156 1942 357 2006 minavimus.
391 1941 425 2004 in
441 1961 505 2024 qua
518 1940 623 2024 patria
637 1941 791 2025 plurimas
805 1941 904 2006 fuisse

94 2068 122 2113 16
157 2045 303 2109 civitatee
325 2044 479 2131 legimus,
507 2066 548 2107 ex
578 2043 694 2126 quibus
724 2045 904 2128 aliquantas

94 2169 122 2214 17
156 2148 325 2237 designare
347 2149 511 2230 volumus,
537 2145 573 2211 id
596 2156 646 2212 est
668 2148 782 2212 civitas
803 2149 904 2230 Tuos,

94 2273 121 2318 18
156 2276 237 2337 quae
260 2254 351 2318 iuxta
372 2275 460 2316 mare
482 2274 636 2336 magnum
651 2249 806 2316 dividitur
820 2254 905 2317 inter

94 2374 121 2418 19
156 2359 302 2444 superius
337 2356 458 2422 dietam
490 2355 689 2440 provinciam
716 2353 904 2420 Numidiam

92 2476 123 2522 10
156 2471 189 2526 et
216 2462 320 2548 ipsam
342 2459 573 2526 Mauritaniam
595 2457 794 2536 Sitifensem
828 2460 904 2522 item

92 2551 120 2626 ii
156 2567 270 2632 civitas

156 2763 168 2806 1
197 2759 322 2820 Ampsaga
340 2756 404 2804 aliie.
478 2757 492 2802 2
520 2757 599 2802 abano
623 2755 646 2814 0,
674 2750 782 2826 Ἀβίγαε
802 2757 903 2814 Procop.

154 2831 220 2878 sud.
276 2831 291 2878 3
310 2828 422 2878 Publitus
442 2825 540 2885 aediti,
559 2827 660 2888 Popleto
678 2827 767 2876 flumen
785 2829 833 2884 (eie
846 2829 906 2872 euim

155 2901 292 2963 lepondom)
310 2900 375 2955 Aut,
397 2898 498 2958 Popleto
517 2901 607 2946 mansio
629 2899 685 2944 Tot.
732 2901 754 2948 ,7
773 2898 906 2946 limeleten-

155 2975 212 3020 dum
220 2975 249 3022 A.
288 2973 437 3027 9estlonm
445 2969 476 3015 Β.
519 2971 550 3016 10
569 2969 734 3016 maritaniaB.
777 2967 904 3024 1anu1101

153 3043 204 3092 ullo
228 3041 300 3090 ABG.
369 3042 401 3087 14
428 3040 560 3086 motorium
589 3039 614 3086 0.
682 3040 712 3086 15
735 3041 766 3087 16
795 3040 906 3086 civitates

154 3115 227 3162 suiese
248 3113 272 3162 0.
329 3114 360 3160 17
380 3111 459 3166 Tuoul
478 3110 559 3158 'l'ucca
575 3111 634 3158 fines
652 3111 733 3156 affiioe
751 3115 776 3156 et
793 3110 907 3156 maurita-
995 3109 997 3114 '

154 3187 208 3234 niae
231 3185 287 3232 Tull.
352 3184 383 3230 18
404 3181 492 3228 dividit
509 3181 573 3228 edua
638 3183 668 3227 19
692 3182 838 3240 provintiam
856 3175 905 3235 ΒΟ,

154 3271 199 3304 om.
217 3254 306 3304 Porci.
363 3255 395 3299 10
414 3255 492 3312 ipsam
510 3267 555 3300 om.
574 3252 660 3298 Porclo.
685 3252 695 3298 ΙΙ
721 3251 859 3310 sitiphensis
877 3250 905 3305 A,

154 3327 290 3387 sitiphensi
307 3325 337 3383 Β,
362 3323 535 3384 Sitipheneium
553 3323 618 3370 editi.
