2372 3904
282 319 333 372 1ῗῦ
1022 317 1056 363 IV
1076 319 1087 362 5

302 492 312 534 1
352 468 428 530 item
449 465 554 550 patris
568 462 684 549 Campi
698 461 931 548 Campauidm,
953 485 1010 527 neo
1029 485 1092 526 non

301 595 315 638 a
352 567 461 634 Gotho
476 566 661 646 Githorum‚
683 565 1092 653 Sugdabou‚Fauag11ron,

300 699 315 742 a
352 672 479 758 paludis
508 670 707 735 Maeotidos.
752 693 834 754 quae
857 670 1021 736 Maeotida
1047 694 1093 734 re-

299 803 316 847 4
351 777 417 863 gio,
437 775 490 839 rel
505 775 581 839 siin
595 775 659 840 hoe
672 776 745 840 loeo
760 777 924 840 nominata
938 785 997 855 est,
1017 795 1094 856 quae

300 907 314 951 a
351 891 458 944 tamen
481 878 559 942 dum
580 880 660 943 satis
682 879 825 964 spatiosa
847 880 971 958 existit,
997 899 1094 960 usque

300 1001 315 1045 a
352 981 394 1046 ad
416 983 592 1067 praefatam
606 983 849 1068 Bosphorauam
871 981 1009 1066 patriam
1028 1004 1096 1065 per-

301 1107 314 1150 r
351 1087 459 1172 tingis
503 1107 564 1149 uec
593 1109 657 1150 nou
685 1087 776 1150 iuxta
802 1086 967 1170 regionem
988 1084 1097 1149 Maeo-

299 1213 315 1256 a
351 1187 453 1254 tidam
489 1199 539 1254 est
572 1190 678 1274 patria
704 1189 843 1252 maxima
872 1211 955 1271 quae
984 1186 1098 1252 dieitur

301 1315 315 1359 a
351 1291 528 1357 Dardania.
572 1293 686 1375 inqua
700 1290 845 1356 diversae
860 1293 983 1376 patriae
999 1313 1097 1375 usque

286 1415 315 1460 ro
351 1395 394 1460 ad
416 1419 502 1460 maro
531 1417 683 1481 maguum
704 1395 876 1459 Ponticum
896 1397 1097 1482 pertingimt3

285 1523 313 1566 11
352 1521 487 1582 quarum
505 1499 598 1564 multi
615 1499 744 1563 fuerunt
759 1497 986 1584 adseriptmm,
1007 1499 1043 1563 id
1054 1509 1099 1564 est

284 1626 315 1670 ra
352 1603 498 1688 superius
533 1603 715 1667 nominatus
743 1600 993 1668 nefandissimus
1023 1603 1099 1667 Por-

285 1729 316 1773 ιε
352 1707 485 1792 phyuius
501 1715 534 1770 ot
547 1705 703 1771 Livauius
718 1714 815 1788 atque
825 1705 1014 1790 Eutropius.
1045 1705 1099 1773 sed

285 1831 315 1875 14
351 1833 410 1874 nos
433 1809 606 1874 earundem
628 1810 795 1896 regionum
818 1809 964 1875 civitates
988 1833 1099 1876 seeun-

286 1937 315 1981 1s
351 1912 428 1979 dum
456 1914 732 1999 praenominatum
753 1912 925 1978 Livanium
953 1916 1099 2000 exposui-

355 2167 366 2210 1
392 2165 477 2222 Campi
496 2165 673 2224 Campanidonl
693 2166 772 2224 campi
790 2165 925 2224 capanidon
944 2163 974 2222 C,-
996 2164 1098 2225 Campus

352 2237 439 2282 fluvius
455 2241 479 2280 et
491 2235 620 2294 Campanis
637 2234 707 2293 palus
724 2235 862 2282 Poroheroa
880 2235 958 2295 lapara
975 2237 1022 2283 eibi
1039 2240 1097 2283 visus

353 2313 387 2352 asi
406 2309 430 2351 iu
446 2305 500 2350 Tot.
520 2307 594 2362 Pras,
613 2306 653 2352 ahi
672 2312 748 2352 tamea
767 2309 811 2365 cap
830 2307 845 2352 fl
865 2305 996 2364 (Sellianii
1016 2314 1039 2353 at
1056 2311 1096 2366 cap

353 2377 405 2422 anis
428 2375 535 2434 paludis,
563 2379 579 2421 i.
596 2390 616 2421 e.
639 2383 710 2435 caput
730 2376 837 2437 stauaiais
859 2376 961 2423 Salliaai
985 2383 1008 2422 et
1030 2386 1095 2436 caput

353 2447 410 2492 Auis
425 2445 530 2504 paludis.
567 2447 697 2492 credideris
720 2446 818 2493 sinaitam
830 2446 910 2508 saissa
927 2461 1034 2493 errorem
1051 2450 1095 2494 Ra-

352 2519 554 2562 ueaaaiiaaoatri.
603 2516 710 2564 2Getho
724 2517 865 2574 Githoruml
878 2518 925 2564 Piti
935 2518 1011 2566 Gaete
1028 2520 1096 2566 Tah.?
1175 2555 1176 2565 ,

351 2581 480 2640 Ιῑύθωνες
507 2587 588 2634 Proh?
622 2590 631 2633 ΙΙ
665 2589 819 2648 Fanaguronl
848 2589 1001 2649 Phanagoria
1022 2591 1054 2636 38
1071 2592 1094 2636 3.

353 2661 367 2704 3
387 2660 509 2704 meotidon
530 2658 553 2714 C,
573 2660 695 2705 meotidon
714 2661 756 2717 qui
774 2660 879 2706 meotida
897 2660 928 2705 B.
982 2662 998 2706 4
1021 2662 1058 2707 vel
1075 2663 1094 2707 si

352 2731 389 2786 inl
408 2729 447 2774 vel
465 2730 512 2775 sini
530 2731 559 2785 Β,
587 2729 672 2776 uelsim
689 2731 719 2787 A,
750 2730 790 2776 vel
807 2732 852 2788 smi
872 2729 896 2787 0,
924 2730 1017 2777 Velsini
1035 2733 1093 2778 editi.

353 2801 367 2846 ὁ
395 2801 571 2859 spaciosissima
591 2799 615 2847 0.
642 2801 651 2846 il
678 2801 790 2848 existitur
807 2802 857 2847 AB.
924 2803 938 2846 6
966 2803 1094 2862 bosphoro·

352 2885 407 2917 uam
425 2871 479 2926 AB,
499 2872 685 2930 bosphoroniam
705 2870 728 2918 0.
760 2872 770 2917 li
795 2879 852 2930 post
873 2873 1052 2930 Bosphoranum
1078 2873 1095 2920 C

353 2941 408 2987 add.
423 2942 518 2988 dicitur.
567 2945 581 2987 7
600 2943 730 2988 meotidem
742 2941 790 2999 BC,
803 2944 964 2989 meotidanam
976 2945 1005 2999 A,
1018 2945 1093 2990 Maeo-

353 3013 404 3058 tida
422 3012 486 3058 editi.
549 3013 563 3057 9
592 3015 617 3058 iu
636 3017 696 3071 qual
716 3027 776 3072 quae
795 3015 859 3060 editi.
928 3015 958 3058 10
986 3029 1092 3074 maguum

354 3097 398 3128 om.
418 3083 482 3128 aditi.
539 3086 568 3129 ll
597 3085 740 3142 ascriptores
760 3083 782 3130 C.
840 3087 870 3131 12
897 3085 1033 3144 porphirius
1048 3085 1091 3138 AC,

353 3155 463 3214 porfirius
490 3155 519 3199 B.
594 3157 624 3200 13
652 3155 768 3201 Libauius
786 3156 850 3206 editi.
878 3155 887 3200 ΙΙ
913 3159 998 3213 atque]
1023 3163 1044 3202 et
1068 3155 1091 3202 C.

357 3227 388 3271 14
411 3226 540 3270 eorundem
557 3226 587 3281 B,
607 3227 741 3272 earumdem
762 3227 826 3272 editi.
881 3227 911 3272 15
935 3228 1049 3284 prefatum
1068 3227 1090 3284 C,

354 3297 486 3355 praefatum
506 3295 569 3342 editi.
597 3296 607 3341 ΙΙ
631 3295 746 3343 livianum
765 3297 793 3353 B,
813 3296 941 3343 Libanium
959 3297 1023 3344 editi.

1163 3601 1172 3870 i
