2378 3902
304 1247 319 1289 a
400 1219 484 1283 Item
510 1222 601 1285 iuxta
628 1223 805 1307 praefatam
834 1218 977 1286 Galliam
999 1219 1095 1306 Belgi·
1173 1211 1174 1272 f

304 1351 319 1393 a
356 1345 428 1387 cam
450 1324 627 1412 Alobmgas
656 1327 788 1411 ponitur
812 1327 919 1410 patria
946 1347 1029 1408 quae
1057 1322 1098 1386 di-

288 1453 319 1497 10
355 1428 440 1491 citur
460 1427 662 1514 Burgundia,
690 1452 789 1513 quam
808 1427 1034 1515 Burgundiam
1057 1449 1100 1492 ae·

288 1558 318 1601 11
356 1531 496 1596 cundum
529 1555 600 1596 esse
633 1534 772 1620 legimus
805 1530 957 1597 Galliam.
1014 1552 1099 1614 quam

286 1659 319 1704 ιθ
354 1635 577 1722 Burgundiam
605 1638 735 1721 plurimi
770 1636 1010 1722 desaripaenmt
1037 1633 1100 1719 phi·

288 1767 319 1811 13
357 1740 500 1825 losophi,
528 1764 569 1803 ex
596 1740 713 1823 quibus
743 1764 805 1828 ego
830 1741 896 1827 legi
922 1738 1099 1803 multotiens

287 1870 320 1914 14
356 1841 461 1908 dictos
480 1841 663 1908 Camurium
682 1855 715 1908 et
728 1844 912 1909 Lollianum
934 1853 1028 1925 atque
1041 1841 1100 1904 Ar-

288 1973 319 2018 15
356 1945 512 2011 bitionem
540 1947 761 2012 Romanorum
787 1946 1012 2033 philosophos3
1046 1939 1100 2008 sed
1174 1954 1175 2035 ἦ

288 2077 319 2121 la
356 2073 422 2115 non
443 2052 620 2134 aequaliter
642 2073 712 2116 eam
734 2051 998 2130 nominaverunt,
1024 2047 1100 2112 aliua

287 2179 319 2223 1⁷
357 2154 461 2234 aliter,
484 2154 566 2218 alius
588 2179 664 2218 vero
688 2155 751 2218 alio
774 2153 879 2218 modo.
917 2177 978 2240 ego
1001 2161 1099 2218 auten

288 2283 320 2326 18
357 2255 536 2322 secundum
552 2259 829 2341 praenominatum
845 2255 1026 2322 Castorium
1039 2255 1100 2322 Ro-

359 2421 370 2463 l
391 2418 475 2474 Albia}
494 2418 563 2464 laodic
573 2420 651 2464 Auhe.
711 2421 725 2464 2
745 2419 839 2478 Egonal
859 2421 939 2466 andem
957 2432 1016 2479 qaae
1033 2431 1098 2475 supra

356 2490 408 2534 235
429 2490 470 2534 10.
534 2491 548 2536 3
576 2487 663 2549 sign'ffia
681 2490 711 2546 B,
736 2489 828 2548 Siguna
847 2491 911 2547 editi,
936 2497 971 2536 eat
989 2490 1097 2548 Sequana

355 2561 371 2605 4
400 2560 517 2617 Sumanal
545 2561 614 2606 hodia
636 2561 740 2606 Summe.
767 2561 777 2605 ΙΙ
803 2568 861 2619 post
884 2561 987 2608 Sumena
1011 2559 1029 2606 C
1050 2557 1098 2605 aaa

355 2631 449 2686 nimina,
473 2631 494 2676 A
517 2632 572 2677 add„
598 2645 689 2678 rnmna
770 2633 783 2675 5
814 2631 889 2690 Lege!
909 2628 1097 2691 Laga23411.

357 2702 372 2746 6
402 2701 515 2758 Scaldeal
538 2701 632 2748 Scaldis
659 2701 722 2746 aliis.
806 2705 820 2747 7
849 2701 974 2748 catalumis
998 2703 1020 2747 B
1042 2700 1097 2746 aditi.

355 2772 366 2817 ΙΙ
378 2774 505 2831 campania
531 2772 554 2818 B
581 2773 646 2819 editi.
691 2772 700 2817 ΙΙ
749 2778 806 2830 pont
833 2772 978 2832 Campaniae
1009 2771 1027 2818 O
1050 2767 1097 2816 add.

356 2844 386 2889 de
408 2843 546 2902 burgundia
567 2857 609 2890 seu
630 2843 751 2902 burgnnia
780 2856 825 2900 que
848 2845 976 2890 secundam
1001 2843 1097 2903 galliam·

356 2915 371 2959 8
400 2913 533 2972 praelatam
551 2915 595 2960 AB
614 2914 682 2969 editi,
712 2911 872 2973 cf.92611.
939 2917 954 2959 9
983 2913 1098 2970 nlobroges

356 2985 378 3029 Β
397 2983 461 3030 editi.
517 2987 548 3031 10
578 2998 649 3042 quam
667 2985 801 3042 bmgufiam
818 2986 846 3041 A,
876 2997 946 3042 quam
965 2984 1098 3044 burguniam

355 3057 405 3100 aiva
423 3056 584 3115 burgundiam
604 3053 628 3101 0.
656 3055 666 3100 ΙΙ
691 3053 765 3100 sod'm
783 3055 814 3101 B.
871 3057 901 3101 13
921 3055 1061 3101 multociens
1078 3048 1097 3104 θ,

355 3126 478 3172 multoties
497 3126 561 3171 editi.
636 3127 668 3170 14
691 3127 825 3172 kastorium
845 3124 869 3172 0.
896 3125 906 3170 ΙΙ
931 3125 1046 3172 lulianum
1062 3119 1099 3168 AB

258 3243 264 3260 ,
355 3195 419 3242 editi.
448 3197 457 3241 ΙΙ
484 3196 631 3243 arbicionem
650 3195 675 3242 O.
731 3197 762 3241 16
791 3211 843 3242 eam
860 3197 1045 3242 nominaverunt
1060 3205 1098 3238 om·

250 3255 254 3264 '
355 3267 475 3312 namin
532 3268 562 3313 16
585 3269 614 3313 ιτ
636 3266 697 3313 mus
710 3266 780 3314 aliter
791 3267 946 3313 onasum.
1005 3269 1034 3313 17
1052 3267 1098 3310 aute

355 3336 425 3382 aliter
445 3335 464 3383 0
480 3337 535 3382 add.
553 3351 620 3383 varo.
677 3338 707 3382 18
726 3338 845 3396 prefatum
866 3336 890 3384 0.
