<?xml version="1.0" encoding="UTF-8"?>
<!DOCTYPE html PUBLIC "-//W3C//DTD XHTML 1.0 Transitional//EN"
    "http://www.w3.org/TR/xhtml1/DTD/xhtml1-transitional.dtd">
<html xmlns="http://www.w3.org/1999/xhtml" xml:lang="en" lang="en">
 <head>
  <title>
</title>
<meta http-equiv="Content-Type" content="text/html;charset=utf-8" />
  <meta name='ocr-system' content='tesseract 3.04.00' />
  <meta name='ocr-capabilities' content='ocr_page ocr_carea ocr_par ocr_line ocrx_word'/>
</head>
<body>
  <div class='ocr_page' id='page_1' title='image "./ravennatisanony01ravegoog_0438.png"; bbox 0 0 2376 3904; ppageno 0'>
   <div class='ocr_carea' id='block_1_1' title="bbox 70 337 151 383">
    <p class='ocr_par' dir='ltr' id='par_1_1' title="bbox 70 337 151 383">
     <span class='ocr_line' id='line_1_1' title="bbox 70 337 151 383; baseline 0.012 -1"><span class='ocrx_word' id='word_1_1' title='bbox 70 337 151 383; x_wconf 75' lang='lat' dir='ltr'>vat</span> 
     </span>
    </p>
   </div>
   <div class='ocr_carea' id='block_1_2' title="bbox 94 506 114 1372">
    <p class='ocr_par' dir='ltr' id='par_1_2' title="bbox 94 506 114 1372">
     <span class='ocr_line' id='line_1_2' title="bbox 96 506 105 548; baseline 0 0"><span class='ocrx_word' id='word_1_2' title='bbox 96 506 105 548; x_wconf 90' lang='lat' dir='ltr'>l</span> 
     </span>
     <span class='ocr_line' id='line_1_3' title="bbox 94 610 109 654; baseline 0 0"><span class='ocrx_word' id='word_1_3' title='bbox 94 610 109 654; x_wconf 76' lang='lat'><strong>2</strong></span> 
     </span>
     <span class='ocr_line' id='line_1_4' title="bbox 94 713 111 758; baseline 0 0"><span class='ocrx_word' id='word_1_4' title='bbox 94 713 111 758; x_wconf 85' lang='lat'>3</span> 
     </span>
     <span class='ocr_line' id='line_1_5' title="bbox 95 816 113 860; baseline 0 0"><span class='ocrx_word' id='word_1_5' title='bbox 95 816 113 860; x_wconf 84' lang='lat'>4</span> 
     </span>
     <span class='ocr_line' id='line_1_6' title="bbox 96 914 112 961; baseline 0 0"><span class='ocrx_word' id='word_1_6' title='bbox 96 914 112 961; x_wconf 79' lang='lat' dir='ltr'>ll</span> 
     </span>
     <span class='ocr_line' id='line_1_7' title="bbox 97 1020 113 1064; baseline 0 0"><span class='ocrx_word' id='word_1_7' title='bbox 97 1020 113 1064; x_wconf 79' lang='lat'>6</span> 
     </span>
     <span class='ocr_line' id='line_1_8' title="bbox 98 1123 114 1168; baseline 0 0"><span class='ocrx_word' id='word_1_8' title='bbox 98 1123 114 1168; x_wconf 87' lang='grc'>7</span> 
     </span>
     <span class='ocr_line' id='line_1_9' title="bbox 99 1226 114 1270; baseline 0 0"><span class='ocrx_word' id='word_1_9' title='bbox 99 1226 114 1270; x_wconf 88' lang='grc'>8</span> 
     </span>
     <span class='ocr_line' id='line_1_10' title="bbox 100 1328 114 1372; baseline 0 0"><span class='ocrx_word' id='word_1_10' title='bbox 100 1328 114 1372; x_wconf 89' lang='grc'>9</span> 
     </span>
    </p>
   </div>
   <div class='ocr_carea' id='block_1_3' title="bbox 83 1430 117 1578">
    <p class='ocr_par' dir='ltr' id='par_1_3' title="bbox 83 1430 117 1578">
     <span class='ocr_line' id='line_1_11' title="bbox 83 1430 117 1476; baseline -0.029 0"><span class='ocrx_word' id='word_1_11' title='bbox 83 1430 117 1476; x_wconf 85' lang='grc'>10</span> 
     </span>
     <span class='ocr_line' id='line_1_12' title="bbox 83 1533 117 1578; baseline 0 0"><span class='ocrx_word' id='word_1_12' title='bbox 83 1533 117 1578; x_wconf 88' lang='lat'>11</span> 
     </span>
    </p>
   </div>
   <div class='ocr_carea' id='block_1_4' title="bbox 206 481 912 1601">
    <p class='ocr_par' dir='ltr' id='par_1_4' title="bbox 206 481 912 1601">
     <span class='ocr_line' id='line_1_13' title="bbox 313 481 445 566; baseline 0 -22"><span class='ocrx_word' id='word_1_13' title='bbox 313 481 445 566; x_wconf 78' lang='lat' dir='ltr'>Egodes</span> 
     </span>
     <span class='ocr_line' id='line_1_14' title="bbox 312 585 459 648; baseline -0.007 0"><span class='ocrx_word' id='word_1_14' title='bbox 312 585 459 648; x_wconf 86' lang='lat' dir='ltr'>Distrete</span> 
     </span>
     <span class='ocr_line' id='line_1_15' title="bbox 315 684 469 751; baseline 0 -1"><span class='ocrx_word' id='word_1_15' title='bbox 315 684 469 751; x_wconf 81' lang='lat' dir='ltr'>Currious</span> 
     </span>
     <span class='ocr_line' id='line_1_16' title="bbox 312 790 459 856; baseline 0 -2"><span class='ocrx_word' id='word_1_16' title='bbox 312 790 459 856; x_wconf 82' lang='lat' dir='ltr'><strong>Absarus</strong></span> 
     </span>
     <span class='ocr_line' id='line_1_17' title="bbox 311 893 477 959; baseline 0.006 -2"><span class='ocrx_word' id='word_1_17' title='bbox 311 893 477 959; x_wconf 86' lang='lat' dir='ltr'>Primodia</span> 
     </span>
     <span class='ocr_line' id='line_1_18' title="bbox 311 997 392 1062; baseline -0.025 0"><span class='ocrx_word' id='word_1_18' title='bbox 311 997 392 1062; x_wconf 87' lang='lat' dir='ltr'>Moa</span> 
     </span>
     <span class='ocr_line' id='line_1_19' title="bbox 311 1101 481 1164; baseline 0 0"><span class='ocrx_word' id='word_1_19' title='bbox 311 1101 481 1164; x_wconf 82' lang='lat' dir='ltr'>Erafronia</span> 
     </span>
     <span class='ocr_line' id='line_1_20' title="bbox 310 1203 454 1269; baseline 0 -1"><span class='ocrx_word' id='word_1_20' title='bbox 310 1203 454 1269; x_wconf 87' lang='lat' dir='ltr'>Pullaria</span> 
     </span>
     <span class='ocr_line' id='line_1_21' title="bbox 309 1307 446 1374; baseline -0.015 0"><span class='ocrx_word' id='word_1_21' title='bbox 309 1307 446 1374; x_wconf 80' lang='lat' dir='ltr'>Ursaria</span> 
     </span>
     <span class='ocr_line' id='line_1_22' title="bbox 312 1408 473 1477; baseline -0.012 -1"><span class='ocrx_word' id='word_1_22' title='bbox 312 1408 473 1477; x_wconf 83' lang='lat' dir='ltr'>Cervaria.</span> 
     </span>
     <span class='ocr_line' id='line_1_23' title="bbox 206 1512 912 1601; baseline 0.001 -21"><span class='ocrx_word' id='word_1_23' title='bbox 206 1512 273 1580; x_wconf 87' lang='lat' dir='ltr'>Sed</span> <span class='ocrx_word' id='word_1_24' title='bbox 296 1523 329 1578; x_wconf 89' lang='lat' dir='ltr'>et</span> <span class='ocrx_word' id='word_1_25' title='bbox 351 1515 432 1580; x_wconf 87' lang='lat' dir='ltr'>aliae</span> <span class='ocrx_word' id='word_1_26' title='bbox 453 1515 609 1600; x_wconf 82' lang='lat' dir='ltr'>plurimae</span> <span class='ocrx_word' id='word_1_27' title='bbox 638 1515 762 1580; x_wconf 84' lang='lat' dir='ltr'>insulae</span> <span class='ocrx_word' id='word_1_28' title='bbox 785 1517 818 1580; x_wconf 90' lang='lat' dir='ltr'>in</span> <span class='ocrx_word' id='word_1_29' title='bbox 841 1517 912 1601; x_wconf 86' lang='lat' dir='ltr'>ipsa</span> 
     </span>
    </p>
   </div>
   <div class='ocr_carea' id='block_1_5' title="bbox 87 1617 912 2326">
    <p class='ocr_par' dir='ltr' id='par_1_5' title="bbox 87 1617 912 1788">
     <span class='ocr_line' id='line_1_24' title="bbox 87 1617 912 1704; baseline 0.007 -26"><span class='ocrx_word' id='word_1_30' title='bbox 87 1634 120 1679; x_wconf 78' lang='lat'>12</span> <span class='ocrx_word' id='word_1_31' title='bbox 158 1618 293 1704; x_wconf 81' lang='lat' dir='ltr'>regione</span> <span class='ocrx_word' id='word_1_32' title='bbox 314 1628 496 1702; x_wconf 81' lang='lat' dir='ltr'>ponuntur,</span> <span class='ocrx_word' id='word_1_33' title='bbox 519 1617 576 1683; x_wconf 86' lang='lat' dir='ltr'>sed</span> <span class='ocrx_word' id='word_1_34' title='bbox 598 1617 755 1702; x_wconf 81' lang='lat' dir='ltr'>modicae,</span> <span class='ocrx_word' id='word_1_35' title='bbox 783 1629 815 1684; x_wconf 84' lang='lat' dir='ltr'>et</span> <span class='ocrx_word' id='word_1_36' title='bbox 838 1618 912 1684; x_wconf 89' lang='lat' dir='ltr'>ideo</span> 
     </span>
     <span class='ocr_line' id='line_1_25' title="bbox 87 1720 755 1788; baseline 0.009 -6"><span class='ocrx_word' id='word_1_37' title='bbox 87 1739 120 1783; x_wconf 70' lang='grc' dir='ltr'>ιε</span> <span class='ocrx_word' id='word_1_38' title='bbox 160 1743 216 1786; x_wconf 79' lang='lat' dir='ltr'>aaa</span> <span class='ocrx_word' id='word_1_39' title='bbox 238 1721 461 1788; x_wconf 76' lang='lat' dir='ltr'>taciturnitate</span> <span class='ocrx_word' id='word_1_40' title='bbox 484 1720 755 1788; x_wconf 83' lang='lat' dir='ltr'>commendamus.</span> 
     </span>
    </p>

    <p class='ocr_par' dir='ltr' id='par_1_6' title="bbox 88 1823 912 2326">
     <span class='ocr_line' id='line_1_26' title="bbox 88 1823 909 1910; baseline 0.006 -24"><span class='ocrx_word' id='word_1_41' title='bbox 88 1842 121 1887; x_wconf 81' lang='lat'>14</span> <span class='ocrx_word' id='word_1_42' title='bbox 192 1823 244 1893; x_wconf 75' lang='lat'>25.</span> <span class='ocrx_word' id='word_1_43' title='bbox 289 1823 330 1889; x_wconf 93' lang='lat' dir='ltr'>In</span> <span class='ocrx_word' id='word_1_44' title='bbox 351 1826 456 1910; x_wconf 85' lang='lat' dir='ltr'>patria</span> <span class='ocrx_word' id='word_1_45' title='bbox 477 1849 554 1890; x_wconf 87' lang='lat' dir='ltr'>vero</span> <span class='ocrx_word' id='word_1_46' title='bbox 577 1823 736 1890; x_wconf 85' lang='lat' dir='ltr'>Venetiae</span> <span class='ocrx_word' id='word_1_47' title='bbox 757 1837 832 1893; x_wconf 85' lang='lat' dir='ltr'>sunt</span> <span class='ocrx_word' id='word_1_48' title='bbox 855 1829 909 1892; x_wconf 88' lang='lat' dir='ltr'>ali·</span> 
     </span>
     <span class='ocr_line' id='line_1_27' title="bbox 88 1927 912 2014; baseline 0.002 -22"><span class='ocrx_word' id='word_1_49' title='bbox 88 1947 120 1994; x_wconf 80' lang='lat' dir='ltr'>rt</span> <span class='ocrx_word' id='word_1_50' title='bbox 160 1938 301 2014; x_wconf 86' lang='lat' dir='ltr'>quantae</span> <span class='ocrx_word' id='word_1_51' title='bbox 334 1927 460 1994; x_wconf 87' lang='lat' dir='ltr'>insulae</span> <span class='ocrx_word' id='word_1_52' title='bbox 493 1951 575 2014; x_wconf 86' lang='lat' dir='ltr'>quae</span> <span class='ocrx_word' id='word_1_53' title='bbox 608 1928 791 1996; x_wconf 82' lang='lat' dir='ltr'>hominibus</span> <span class='ocrx_word' id='word_1_54' title='bbox 821 1930 912 1996; x_wconf 89' lang='lat' dir='ltr'>habi-</span> 
     </span>
     <span class='ocr_line' id='line_1_28' title="bbox 89 2031 912 2119; baseline 0.005 -23"><span class='ocrx_word' id='word_1_55' title='bbox 89 2052 122 2096; x_wconf 73' lang='lat'>1⁶</span> <span class='ocrx_word' id='word_1_56' title='bbox 157 2042 279 2098; x_wconf 87' lang='lat' dir='ltr'>tantur.</span> <span class='ocrx_word' id='word_1_57' title='bbox 323 2031 381 2098; x_wconf 86' lang='lat' dir='ltr'>sed</span> <span class='ocrx_word' id='word_1_58' title='bbox 404 2042 437 2097; x_wconf 90' lang='lat' dir='ltr'>et</span> <span class='ocrx_word' id='word_1_59' title='bbox 458 2034 535 2098; x_wconf 87' lang='lat' dir='ltr'>litus</span> <span class='ocrx_word' id='word_1_60' title='bbox 557 2031 676 2096; x_wconf 83' lang='lat' dir='ltr'>finibus</span> <span class='ocrx_word' id='word_1_61' title='bbox 698 2033 838 2119; x_wconf 80' lang='lat' dir='ltr'>Apuliae</span> <span class='ocrx_word' id='word_1_62' title='bbox 862 2045 912 2100; x_wconf 87' lang='lat' dir='ltr'>est</span> 
     </span>
     <span class='ocr_line' id='line_1_29' title="bbox 90 2135 910 2220; baseline 0.006 -22"><span class='ocrx_word' id='word_1_63' title='bbox 90 2155 121 2200; x_wconf 84' lang='lat'>17</span> <span class='ocrx_word' id='word_1_64' title='bbox 158 2136 266 2203; x_wconf 84' lang='lat' dir='ltr'>insula</span> <span class='ocrx_word' id='word_1_65' title='bbox 280 2158 362 2220; x_wconf 88' lang='lat' dir='ltr'>quae</span> <span class='ocrx_word' id='word_1_66' title='bbox 378 2135 497 2202; x_wconf 84' lang='lat' dir='ltr'>dieitur</span> <span class='ocrx_word' id='word_1_67' title='bbox 511 2137 653 2200; x_wconf 81' lang='lat' dir='ltr'>Arnonte</span> <span class='ocrx_word' id='word_1_68' title='bbox 673 2138 726 2200; x_wconf 86' lang='lat' dir='ltr'>vel</span> <span class='ocrx_word' id='word_1_69' title='bbox 740 2137 910 2203; x_wconf 83' lang='lat' dir='ltr'>Tremetis.</span> 
     </span>
     <span class='ocr_line' id='line_1_30' title="bbox 91 2237 911 2326; baseline 0.007 -26"><span class='ocrx_word' id='word_1_70' title='bbox 91 2255 122 2301; x_wconf 84' lang='lat' dir='ltr'>ra</span> <span class='ocrx_word' id='word_1_71' title='bbox 202 2239 244 2305; x_wconf 92' lang='lat' dir='ltr'>In</span> <span class='ocrx_word' id='word_1_72' title='bbox 274 2240 357 2305; x_wconf 80' lang='lat' dir='ltr'>eollo</span> <span class='ocrx_word' id='word_1_73' title='bbox 385 2248 492 2304; x_wconf 88' lang='lat' dir='ltr'>autern</span> <span class='ocrx_word' id='word_1_74' title='bbox 520 2237 650 2304; x_wconf 82' lang='lat' dir='ltr'>Gallico</span> <span class='ocrx_word' id='word_1_75' title='bbox 679 2238 825 2306; x_wconf 83' lang='lat' dir='ltr'>diversae</span> <span class='ocrx_word' id='word_1_76' title='bbox 853 2264 911 2326; x_wconf 87' lang='lat' dir='ltr'>po-</span> 
     </span>
    </p>
   </div>
   <div class='ocr_carea' id='block_1_6' title="bbox 156 2541 911 2802">
    <p class='ocr_par' dir='ltr' id='par_1_7' title="bbox 156 2541 911 2802">
     <span class='ocr_line' id='line_1_31' title="bbox 158 2541 911 2612; baseline 0.005 -22"><span class='ocrx_word' id='word_1_77' title='bbox 158 2546 173 2590; x_wconf 82' lang='grc'><strong>3</strong></span> <span class='ocrx_word' id='word_1_78' title='bbox 202 2543 308 2590; x_wconf 79' lang='lat' dir='ltr'>eurtious</span> <span class='ocrx_word' id='word_1_79' title='bbox 326 2541 350 2600; x_wconf 79' lang='lat'>0,</span> <span class='ocrx_word' id='word_1_80' title='bbox 370 2542 481 2589; x_wconf 82' lang='lat' dir='ltr'>Curricoa</span> <span class='ocrx_word' id='word_1_81' title='bbox 498 2543 563 2601; x_wconf 76' lang='lat' dir='ltr'>editt,</span> <span class='ocrx_word' id='word_1_82' title='bbox 582 2542 670 2589; x_wconf 82' lang='lat' dir='ltr'>Curiaa</span> <span class='ocrx_word' id='word_1_83' title='bbox 686 2543 749 2600; x_wconf 72' lang='lat' dir='ltr'>Tan,</span> <span class='ocrx_word' id='word_1_84' title='bbox 772 2546 911 2612; x_wconf 81' lang='grc' dir='ltr'><strong><em>Κουρίκτα</em></strong></span> 
     </span>
     <span class='ocr_line' id='line_1_32' title="bbox 156 2606 910 2682; baseline 0.001 -21"><span class='ocrx_word' id='word_1_85' title='bbox 156 2612 222 2661; x_wconf 79' lang='lat' dir='ltr'>Ptol.</span> <span class='ocrx_word' id='word_1_86' title='bbox 276 2613 292 2658; x_wconf 88' lang='lat'>4</span> <span class='ocrx_word' id='word_1_87' title='bbox 310 2612 416 2672; x_wconf 83' lang='lat' dir='ltr'>Apsoros</span> <span class='ocrx_word' id='word_1_88' title='bbox 428 2615 493 2672; x_wconf 78' lang='lat' dir='ltr'>Ant,</span> <span class='ocrx_word' id='word_1_89' title='bbox 511 2606 643 2682; x_wconf 75' lang='grc' dir='ltr'><strong><em>Ἅψορροε</em></strong></span> <span class='ocrx_word' id='word_1_90' title='bbox 655 2613 719 2660; x_wconf 79' lang='lat' dir='ltr'>Ptol.</span> <span class='ocrx_word' id='word_1_91' title='bbox 769 2615 783 2660; x_wconf 89' lang='lat'>8</span> <span class='ocrx_word' id='word_1_92' title='bbox 803 2613 910 2662; x_wconf 86' lang='lat' dir='ltr'>Pullaria</span> 
     </span>
     <span class='ocr_line' id='line_1_33' title="bbox 157 2683 910 2732; baseline 0.003 -2"><span class='ocrx_word' id='word_1_93' title='bbox 157 2687 229 2730; x_wconf 77' lang='lat' dir='ltr'>etiam</span> <span class='ocrx_word' id='word_1_94' title='bbox 241 2683 298 2729; x_wconf 77' lang='lat' dir='ltr'>Tau.</span> <span class='ocrx_word' id='word_1_95' title='bbox 317 2689 340 2728; x_wconf 79' lang='lat' dir='ltr'>et</span> <span class='ocrx_word' id='word_1_96' title='bbox 356 2684 421 2731; x_wconf 80' lang='lat' dir='ltr'>Plia.</span> <span class='ocrx_word' id='word_1_97' title='bbox 477 2686 491 2730; x_wconf 85' lang='grc'>9</span> <span class='ocrx_word' id='word_1_98' title='bbox 514 2684 614 2731; x_wconf 83' lang='lat' dir='ltr'>Ursaria</span> <span class='ocrx_word' id='word_1_99' title='bbox 632 2687 702 2731; x_wconf 79' lang='lat' dir='ltr'>etium</span> <span class='ocrx_word' id='word_1_100' title='bbox 718 2685 773 2731; x_wconf 73' lang='lat' dir='ltr'>rab.</span> <span class='ocrx_word' id='word_1_101' title='bbox 829 2687 859 2732; x_wconf 90' lang='lat'>11</span> <span class='ocrx_word' id='word_1_102' title='bbox 885 2691 910 2732; x_wconf 87' lang='lat' dir='ltr'>et</span> 
     </span>
     <span class='ocr_line' id='line_1_34' title="bbox 156 2753 909 2802; baseline 0 0"><span class='ocrx_word' id='word_1_103' title='bbox 156 2769 204 2802; x_wconf 79' lang='lat' dir='ltr'>mn.</span> <span class='ocrx_word' id='word_1_104' title='bbox 220 2755 245 2800; x_wconf 91' lang='lat' dir='ltr'><em>B</em></span> <span class='ocrx_word' id='word_1_105' title='bbox 266 2753 332 2800; x_wconf 79' lang='lat' dir='ltr'>aditi.</span> <span class='ocrx_word' id='word_1_106' title='bbox 398 2757 429 2800; x_wconf 81' lang='lat'>12</span> <span class='ocrx_word' id='word_1_107' title='bbox 457 2760 495 2801; x_wconf 80' lang='lat' dir='ltr'>set</span> <span class='ocrx_word' id='word_1_108' title='bbox 514 2753 537 2801; x_wconf 82' lang='lat'>0.</span> <span class='ocrx_word' id='word_1_109' title='bbox 607 2757 638 2802; x_wconf 78' lang='grc'>18</span> <span class='ocrx_word' id='word_1_110' title='bbox 666 2757 826 2802; x_wconf 78' lang='lat' dir='ltr'>taciturnitati</span> <span class='ocrx_word' id='word_1_111' title='bbox 844 2757 909 2802; x_wconf 80' lang='lat' dir='ltr'>editi.</span> 
     </span>
    </p>
   </div>
   <div class='ocr_carea' id='block_1_7' title="bbox 101 2825 909 2884">
    <p class='ocr_par' dir='ltr' id='par_1_8' title="bbox 101 2825 909 2884">
     <span class='ocr_line' id='line_1_35' title="bbox 101 2825 909 2884; baseline 0 -11"><span class='ocrx_word' id='word_1_112' title='bbox 101 2857 105 2866; x_wconf 86' lang='lat'><em>·</em></span> <span class='ocrx_word' id='word_1_113' title='bbox 157 2827 167 2873; x_wconf 87' lang='lat' dir='ltr'>ll</span> <span class='ocrx_word' id='word_1_114' title='bbox 179 2825 350 2872; x_wconf 80' lang='lat' dir='ltr'>comendamus</span> <span class='ocrx_word' id='word_1_115' title='bbox 367 2827 419 2871; x_wconf 80' lang='lat' dir='ltr'>AB.</span> <span class='ocrx_word' id='word_1_116' title='bbox 446 2826 456 2870; x_wconf 88' lang='lat' dir='ltr'>ll</span> <span class='ocrx_word' id='word_1_117' title='bbox 477 2831 535 2884; x_wconf 75' lang='lat' dir='ltr'>poet</span> <span class='ocrx_word' id='word_1_118' title='bbox 552 2828 746 2873; x_wconf 79' lang='lat' dir='ltr'>commendamus</span> <span class='ocrx_word' id='word_1_119' title='bbox 769 2825 859 2873; x_wconf 83' lang='lat' dir='ltr'>Oudd.</span> <span class='ocrx_word' id='word_1_120' title='bbox 879 2827 909 2873; x_wconf 82' lang='lat' dir='ltr'>da</span> 
     </span>
    </p>
   </div>
   <div class='ocr_carea' id='block_1_8' title="bbox 153 2895 910 3378">
    <p class='ocr_par' dir='ltr' id='par_1_9' title="bbox 153 2895 910 3378">
     <span class='ocr_line' id='line_1_36' title="bbox 155 2895 908 2956; baseline -0.001 -13"><span class='ocrx_word' id='word_1_121' title='bbox 155 2895 241 2944; x_wconf 69' lang='lat' dir='ltr'>intulis</span> <span class='ocrx_word' id='word_1_122' title='bbox 263 2897 341 2954; x_wconf 82' lang='lat' dir='ltr'>patrie</span> <span class='ocrx_word' id='word_1_123' title='bbox 363 2897 512 2942; x_wconf 83' lang='lat' dir='ltr'>venetiarum</span> <span class='ocrx_word' id='word_1_124' title='bbox 535 2901 560 2942; x_wconf 88' lang='lat' dir='ltr'>et</span> <span class='ocrx_word' id='word_1_125' title='bbox 590 2897 678 2956; x_wconf 83' lang='lat' dir='ltr'>apulie.</span> <span class='ocrx_word' id='word_1_126' title='bbox 765 2898 795 2944; x_wconf 82' lang='lat'>15</span> <span class='ocrx_word' id='word_1_127' title='bbox 829 2898 908 2943; x_wconf 85' lang='lat' dir='ltr'>homi-</span> 
     </span>
     <span class='ocr_line' id='line_1_37' title="bbox 155 2965 909 3023; baseline -0.003 -9"><span class='ocrx_word' id='word_1_128' title='bbox 155 2968 242 3023; x_wconf 83' lang='lat' dir='ltr'>nibus}</span> <span class='ocrx_word' id='word_1_129' title='bbox 260 2967 372 3012; x_wconf 85' lang='lat' dir='ltr'>omnibus</span> <span class='ocrx_word' id='word_1_130' title='bbox 390 2965 438 3013; x_wconf 79' lang='lat' dir='ltr'>Ao.</span> <span class='ocrx_word' id='word_1_131' title='bbox 466 2967 476 3014; x_wconf 97' lang='grc' dir='ltr'>ΙΙ</span> <span class='ocrx_word' id='word_1_132' title='bbox 502 2968 669 3015; x_wconf 79' lang='lat' dir='ltr'>habitantibus</span> <span class='ocrx_word' id='word_1_133' title='bbox 686 2967 734 3014; x_wconf 74' lang='lat' dir='ltr'>Aa.</span> <span class='ocrx_word' id='word_1_134' title='bbox 795 2968 825 3012; x_wconf 83' lang='grc'>16</span> <span class='ocrx_word' id='word_1_135' title='bbox 854 2973 909 3012; x_wconf 77' lang='lat' dir='ltr'>anta</span> 
     </span>
     <span class='ocr_line' id='line_1_38' title="bbox 154 3035 909 3094; baseline -0.004 -10"><span class='ocrx_word' id='word_1_136' title='bbox 154 3038 214 3086; x_wconf 80' lang='lat' dir='ltr'>litus</span> <span class='ocrx_word' id='word_1_137' title='bbox 234 3035 308 3083; x_wconf 77' lang='lat' dir='ltr'>Gran.</span> <span class='ocrx_word' id='word_1_138' title='bbox 321 3038 346 3082; x_wconf 90' lang='lat'>1.</span> <span class='ocrx_word' id='word_1_139' title='bbox 366 3037 382 3082; x_wconf 88' lang='grc'><em>2</em></span> <span class='ocrx_word' id='word_1_140' title='bbox 400 3037 491 3084; x_wconf 76' lang='lat' dir='ltr'>addant</span> <span class='ocrx_word' id='word_1_141' title='bbox 509 3039 599 3084; x_wconf 85' lang='lat' dir='ltr'>iuxtns.</span> <span class='ocrx_word' id='word_1_142' title='bbox 674 3039 704 3085; x_wconf 89' lang='grc'>17</span> <span class='ocrx_word' id='word_1_143' title='bbox 733 3037 850 3094; x_wconf 81' lang='lat' dir='ltr'>Amantel</span> <span class='ocrx_word' id='word_1_144' title='bbox 869 3049 909 3082; x_wconf 76' lang='lat' dir='ltr'>aa·</span> 
     </span>
     <span class='ocr_line' id='line_1_39' title="bbox 153 3107 906 3167; baseline -0.004 -13"><span class='ocrx_word' id='word_1_145' title='bbox 153 3109 300 3167; x_wconf 65' lang='lat' dir='ltr'>spectaverit</span> <span class='ocrx_word' id='word_1_146' title='bbox 321 3107 462 3156; x_wconf 77' lang='lat' dir='ltr'>Diomeden.</span> <span class='ocrx_word' id='word_1_147' title='bbox 499 3109 508 3154; x_wconf 90' lang='lat' dir='ltr'>ll</span> <span class='ocrx_word' id='word_1_148' title='bbox 542 3108 582 3154; x_wconf 87' lang='lat' dir='ltr'>vel</span> <span class='ocrx_word' id='word_1_149' title='bbox 605 3123 650 3154; x_wconf 84' lang='lat' dir='ltr'>om.</span> <span class='ocrx_word' id='word_1_150' title='bbox 667 3109 696 3154; x_wconf 79' lang='lat' dir='ltr'>A.</span> <span class='ocrx_word' id='word_1_151' title='bbox 733 3107 743 3154; x_wconf 94' lang='grc' dir='ltr'>ΙΙ</span> <span class='ocrx_word' id='word_1_152' title='bbox 777 3107 906 3162; x_wconf 84' lang='lat' dir='ltr'>Tremetisl</span> 
     </span>
     <span class='ocr_line' id='line_1_40' title="bbox 154 3175 910 3237; baseline -0.005 -11"><span class='ocrx_word' id='word_1_153' title='bbox 154 3180 276 3226; x_wconf 72' lang='lat' dir='ltr'>Trimerus</span> <span class='ocrx_word' id='word_1_154' title='bbox 292 3178 374 3237; x_wconf 76' lang='lat' dir='ltr'>Tacit,</span> <span class='ocrx_word' id='word_1_155' title='bbox 398 3179 467 3225; x_wconf 80' lang='lat' dir='ltr'>hodie</span> <span class='ocrx_word' id='word_1_156' title='bbox 485 3179 593 3226; x_wconf 84' lang='lat' dir='ltr'>Tremiti.</span> <span class='ocrx_word' id='word_1_157' title='bbox 630 3181 639 3224; x_wconf 90' lang='grc' dir='ltr'>ΙΙ</span> <span class='ocrx_word' id='word_1_158' title='bbox 671 3184 727 3237; x_wconf 72' lang='lat' dir='ltr'>post</span> <span class='ocrx_word' id='word_1_159' title='bbox 750 3178 866 3223; x_wconf 81' lang='lat' dir='ltr'>Tremetis</span> <span class='ocrx_word' id='word_1_160' title='bbox 891 3175 910 3223; x_wconf 78' lang='lat'><em>0</em></span> 
     </span>
     <span class='ocr_line' id='line_1_41' title="bbox 154 3247 905 3309; baseline -0.005 -13"><span class='ocrx_word' id='word_1_161' title='bbox 154 3250 213 3296; x_wconf 83' lang='lat' dir='ltr'>add.</span> <span class='ocrx_word' id='word_1_162' title='bbox 240 3249 270 3295; x_wconf 85' lang='lat' dir='ltr'>da</span> <span class='ocrx_word' id='word_1_163' title='bbox 298 3250 399 3296; x_wconf 76' lang='lat' dir='ltr'>diversis</span> <span class='ocrx_word' id='word_1_164' title='bbox 426 3249 511 3296; x_wconf 79' lang='lat' dir='ltr'>insulis</span> <span class='ocrx_word' id='word_1_165' title='bbox 541 3251 567 3295; x_wconf 93' lang='lat' dir='ltr'>in</span> <span class='ocrx_word' id='word_1_166' title='bbox 595 3248 682 3309; x_wconf 82' lang='lat' dir='ltr'>colpho</span> <span class='ocrx_word' id='word_1_167' title='bbox 710 3247 798 3307; x_wconf 81' lang='lat' dir='ltr'>gallico</span> <span class='ocrx_word' id='word_1_168' title='bbox 825 3247 905 3307; x_wconf 84' lang='lat' dir='ltr'>positi.</span> 
     </span>
     <span class='ocr_line' id='line_1_42' title="bbox 155 3318 350 3378; baseline -0.01 -11"><span class='ocrx_word' id='word_1_169' title='bbox 155 3323 188 3367; x_wconf 87' lang='grc'>18</span> <span class='ocrx_word' id='word_1_170' title='bbox 217 3319 304 3378; x_wconf 80' lang='lat' dir='ltr'>calpho</span> <span class='ocrx_word' id='word_1_171' title='bbox 325 3318 350 3366; x_wconf 83' lang='lat'>0.</span> 
     </span>
    </p>
   </div>
   <div class='ocr_carea' id='block_1_9' title="bbox 0 0 1196 3904">
    <p class='ocr_par' dir='ltr' id='par_1_10' title="bbox 0 0 1196 3904">
     <span class='ocr_line' id='line_1_43' title="bbox 0 0 1196 3904; baseline 0 0"><span class='ocrx_word' id='word_1_172' title='bbox 0 0 1196 3904; x_wconf 95' lang='lat' dir='ltr'> </span> 
     </span>
    </p>
   </div>
  </div>
 </body>
</html>
