2404 3896
93 363 180 402 erano
201 353 216 400 6
876 352 929 406 453

113 522 130 567 1
167 497 289 562 iamin
311 493 450 581 propriis
473 497 595 581 patrias
611 498 854 581 nominaverim,
877 510 926 565 ta-

112 623 130 670 2
168 624 243 666 men
270 601 426 664 reiterans
450 597 582 666 Christo
611 602 740 666 favente
770 603 925 670 minutius

112 729 130 775 a
170 703 359 792 designab0.

112 832 132 877 4
191 808 224 876 5.
268 808 365 873 Italia
376 807 498 873 habens
510 809 590 873 fines
604 808 644 874 ab
656 807 824 874 occidente
836 831 927 875 mon-

113 933 132 980 c
169 923 220 978 tes
237 912 395 993 excelsos,
411 933 492 995 quos
508 911 640 996 quidam
651 912 786 978 Titanos
803 912 927 995 dicunt,

114 1038 132 1083 a
170 1017 226 1081 alii
242 1015 346 1101 Alpes
366 1014 473 1082 Iovias
496 1017 673 1098 nominant,
694 1017 885 1102 incipientes
908 1040 929 1082 a

115 1142 132 1185 r
170 1121 253 1185 mari
280 1118 427 1202 Gallico,
455 1119 542 1203 quod
570 1128 603 1184 et
624 1119 812 1204 Tirrenum,
840 1119 929 1185 haud

115 1245 133 1291 e
169 1223 266 1309 longe
296 1246 316 1287 a
346 1221 513 1308 praedicta
542 1223 672 1288 civitate
700 1222 927 1311 Vigintimilio.

115 1350 133 1395 9
171 1327 229 1411 qui
249 1326 403 1391 videlicet
424 1336 550 1393 montes
580 1325 729 1391 dividunt
750 1328 835 1392 inter
855 1350 930 1414 pro·

97 1452 134 1499 ιο
171 1431 312 1495 vinciam
327 1429 548 1515 Septimanam
563 1439 596 1495 et
606 1430 746 1513 Italiam,
761 1431 846 1496 inter
863 1431 929 1498 Re-

97 1555 134 1601 11
170 1535 278 1600 tianos
295 1543 327 1598 et
341 1534 480 1616 Italiam,
502 1535 586 1599 inter
597 1531 798 1599 Oarantanos
814 1543 847 1599 et
862 1535 929 1600 Ita·

97 1659 135 1708 12
172 1639 261 1720 liam,
277 1638 362 1703 inter
375 1638 513 1724 patriam
525 1635 727 1702 Carnuntum
744 1647 776 1703 et
791 1635 929 1720 Italiam,

98 1765 135 1810 ra
173 1730 263 1827 qued
292 1742 404 1827 iugum
429 1738 570 1806 Carnich
599 1741 640 1806 ab
664 1742 804 1825 antiquis
827 1742 930 1827 Alpes

98 1869 136 1916 14
172 1845 275 1910 Iuliae
296 1844 496 1926 dicebantur,
511 1847 630 1929 quique
646 1845 743 1909 etiam
759 1846 817 1910 tali
834 1844 931 1910 modo

98 1971 135 2018 15
175 1949 362 2014 claudentes
385 1948 513 2013 Italiam
536 1947 738 2014 descendunt
761 1947 803 2013 ad
825 1949 931 2014 sinum

98 2075 135 2122 1⁶
174 2053 272 2118 maris
282 2051 444 2117 Adriatici
458 2075 524 2117 non
538 2053 635 2140 longe
651 2077 671 2119 a
686 2053 816 2117 civitate
828 2052 931 2117 Thar-

99 2178 136 2224 rr
176 2158 279 2222 satico
300 2157 484 2244 provinciae
499 2155 676 2222 Liburniae
697 2157 854 2222 inlocum
876 2156 932 2240 qui

98 2281 135 2328 18
176 2260 297 2326 dicitur
318 2261 436 2326 Panas.

99 2383 136 2429 19
199 2362 231 2431 t.
276 2365 310 2429 A
325 2363 467 2429 secundo
482 2364 582 2429 latere
598 2373 648 2429 est
658 2364 772 2429 Italiae
785 2364 860 2429 finis
874 2386 933 2451 per

212 2587 305 2634 codices
324 2585 397 2648 bsmr.
478 2586 644 2650 cf.Rav.325
664 2589 697 2636 10
710 2604 745 2651 sq.
765 2589 817 2636 292
836 2590 895 2650 deq.

178 2697 190 2741 1
220 2691 415 2754 nominaveras.
498 2695 512 2738 2
540 2694 655 2742 christum
666 2693 694 2756 s.
730 2695 740 2742 ΙΙ
774 2695 894 2742 minucius
904 2694 931 2756 s.

176 2767 191 2812 3
221 2765 367 2824 dessignabo
390 2779 421 2810 m.
466 2764 477 2812 ll
515 2771 574 2824 post
591 2767 722 2826 designabo
735 2765 758 2828 f
772 2767 846 2813 miro
865 2766 933 2813 addit

174 2837 254 2897 prima
271 2836 326 2881 finis
343 2835 427 2895 ytalie,
446 2851 469 2881 m
488 2835 557 2882 addit
573 2837 692 2884 lTALIA.
747 2840 762 2884 4
781 2837 865 2894 ltalia}
883 2837 932 2882 Ra-

175 2921 244 2953 vana.
257 2906 310 2952 292
329 2906 392 2966 deq.
475 2907 491 2952 4
518 2907 595 2966 ytalia
612 2923 634 2955 r.
716 2911 730 2956 t
757 2913 855 2969 tytanos
867 2905 931 2968 fmr.

177 2980 192 3025 6
222 2977 300 3024 ionias
327 2991 372 3023 mr.
410 2977 419 3024 ΙΙ
455 2977 584 3037 incipiente
612 2977 647 3041 bf.
715 2982 729 3026 7
758 2981 861 3025 tirenum
886 2992 931 3034 mr,

176 3049 321 3112 tyrrhenum
350 3049 371 3094 b.
407 3047 417 3095 ΙΙ
451 3049 511 3095 haut
538 3047 573 3109 bf.
654 3051 669 3097 8
696 3051 821 3110 praedicte
847 3063 892 3095 om.
905 3046 934 3108 s.

178 3122 211 3166 10
231 3118 333 3179 ytaliam
351 3134 389 3165 mr
407 3119 445 3166 lic
463 3125 486 3165 et
504 3118 579 3180 iufra.
607 3120 617 3166 ll
642 3122 752 3168 recianus
764 3118 790 3181 f.
847 3121 876 3164 11
897 3119 932 3166 in·

177 3198 215 3237 ter
233 3189 384 3236 Garantanos
403 3196 427 3237 et
444 3190 540 3237 Italiam
559 3205 604 3236 om.
623 3207 643 3238 r.
711 3193 743 3238 12
772 3190 933 3246 Carnuntum]

177 3269 203 3308 et
222 3266 365 3307 carnuntum
377 3259 403 3322 f.
479 3263 509 3308 16
539 3262 629 3308 adriaci
648 3277 693 3307 mr.
768 3263 798 3307 18
826 3261 895 3307 sonas
907 3257 933 3319 f.

181 3333 212 3379 19
241 3334 263 3377 A
283 3345 327 3378 om.
341 3331 367 3392 s.
