2530 3902
276 301 329 354 452
983 316 1064 352 ormo
1083 307 1100 352 4

296 472 309 516 1
380 446 413 516 4.
458 445 585 528 Quodsi
606 445 769 512 studiosus
784 447 887 516 lector
901 469 960 513 sou
975 449 1102 516 auditor

295 576 310 622 a
349 551 498 617 subtilius
528 552 611 616 scire
633 552 771 618 voluerit
792 561 877 618 totas
901 553 1104 636 circumqua-

297 678 311 722 a
349 679 411 740 que
432 665 541 742 partes
563 679 621 741 per
634 656 731 720 litora
743 650 840 720 maiis
861 656 995 741 positas,
1016 656 1103 722 ordi·

295 785 312 828 4
349 762 451 826 natim
468 784 566 824 unam
580 749 655 845 post
670 759 815 841 alteram,
837 781 1032 843 quamquam
1047 783 1102 824 eus

386 983 477 1030 codices
496 982 568 1044 bfmr.
817 981 852 1043 os.
863 983 924 1030 Rau.
933 985 985 1032 325
1001 988 1018 1031 6
1031 1000 1068 1044 aq.

352 1096 365 1138 1
393 1091 525 1138 studiosius
542 1103 572 1134 m.
646 1090 660 1134 2
689 1087 803 1134 subtilius
823 1091 934 1136 omittunt
950 1105 996 1136 mr.
1023 1090 1033 1136 ii
1059 1091 1104 1136 cir·

350 1175 492 1220 cunquaque
510 1175 540 1204 m.
596 1161 610 1205 3
630 1165 698 1218 parte
717 1158 751 1219 bs.
779 1159 789 1204 ii
814 1159 897 1206 littora
913 1159 940 1222 f.
994 1164 1105 1219 tquun-

351 1245 423 1291 quam
441 1247 472 1277 m.

372 1472 385 1510 a
405 1463 522 1515 terraneo,
543 1457 571 1502 de
589 1456 678 1503 finibus
690 1455 770 1513 maris,
790 1455 819 1501 de
832 1455 917 1503 insulis
929 1462 953 1502 et
965 1463 1106 1515 promunto-

372 1542 386 1580 o
404 1528 455 1574 riis.
482 1529 606 1586 hucusque
619 1526 717 1574 occeani
729 1526 815 1572 insule.
843 1527 872 1572 de
885 1527 1062 1586 promunturiis,
1075 1528 1106 1572 de

355 1614 385 1651 ιο
405 1599 529 1645 montibus
547 1599 678 1658 ceterisque
696 1597 830 1644 vocabulis.
1095 1600 1097 1614 ¹

355 1684 385 1722 11
442 1668 547 1723 Quartus
564 1665 627 1716 liber
644 1683 729 1728 regum
747 1669 844 1714 cronica
857 1666 882 1715 S.
892 1668 1006 1714 leronimi
1018 1673 1043 1714 et
1054 1667 1107 1712 An-

357 1755 386 1792 1²
407 1740 506 1800 gustini.

356 1825 387 1864 1³
442 1810 547 1864 Quintus
564 1809 698 1856 Alexandri
715 1809 797 1869 magni
815 1810 948 1856 historiam.
983 1809 1106 1856 Daretam.

357 1897 386 1933 1⁴
442 1881 478 1927 VI
505 1882 612 1926 continet
628 1881 754 1926 historiam
771 1881 912 1926 Romanam.

357 1967 387 2004 15
424 1951 517 1998 Felices
534 1957 585 1996 tam
602 1965 691 2011 magna
709 1957 800 2010 queunt
818 1950 859 2008 qui
878 1952 941 1996 dona
959 1953 1050 2002 mereri.

358 2037 387 2076 16
461 2022 496 2068 Ut
513 2036 557 2068 sua
574 2029 630 2080 post
647 2023 741 2069 obitum
758 2023 839 2068 virere
857 2023 923 2068 fucta
939 2027 1033 2080 putent.

357 2107 386 2146 17
426 2093 500 2140 Terra
517 2093 651 2151 fretumque
670 2092 740 2138 simul
759 2107 807 2151 qna
825 2091 959 2139 consistunt
976 2093 1069 2138 ratione

305 2224 309 2232 Ι
358 2179 388 2216 is
461 2164 495 2210 Et
512 2177 595 2222 regum
612 2165 697 2211 seriem
715 2178 759 2210 nos
777 2161 839 2209 liber
855 2164 901 2209 iste
920 2164 999 2208 docet.

361 2249 390 2287 ro
427 2236 476 2282 Hic
494 2235 597 2292 reperire
619 2240 689 2293 potes
707 2235 800 2293 positos
818 2248 850 2278 sx
868 2235 951 2280 ordine
969 2247 1044 2292 regas,

358 2319 390 2358 20
464 2303 561 2360 Gentes,
579 2312 694 2362 monstra,
712 2306 774 2350 feras
791 2305 877 2364 pandit
895 2309 920 2350 et
936 2305 1058 2350 historias.

358 2391 390 2428 21
426 2377 468 2422 Ex
487 2376 575 2436 quibus
592 2377 636 2420 heo
649 2375 730 2422 Guido
746 2377 889 2422 documenta
907 2376 993 2420 decora
1004 2374 1109 2433 reliquit,

358 2461 389 2499 22
463 2447 509 2492 Per
526 2461 587 2505 quae
605 2452 720 2506 perpetuo
738 2447 960 2492 commemorandus
978 2445 1030 2491 erit.

359 2533 390 2570 2³
410 2518 439 2566 In
457 2518 553 2564 nomme
572 2517 614 2563 dni
630 2516 667 2564 nr‘r
685 2517 731 2563 Ihr'u
748 2515 797 2576 Χῇῑ
816 2517 854 2562 dei
872 2517 955 2563 eterni.

359 2603 391 2641 24
412 2603 474 2634 anno
493 2589 524 2634 ab
543 2588 632 2634 incarn.
667 2588 719 2635 eius
735 2588 862 2634 millesimo
882 2586 1012 2633 centesimo
1029 2598 1110 2641 xsnn,

360 2673 390 2711 25
411 2660 547 2705 Indictione
565 2671 611 2705 xn.

413 2778 439 2820 11
454 2781 540 2820 cronica
554 2781 586 2819 sci
598 2780 697 2818 ieronimi
703 2775 728 2832 f,
744 2779 841 2818 cronicas
855 2778 953 2817 ieronimi
967 2771 986 2817 ὂ.
1020 2771 1114 2826 121me

413 2834 529 2884 Augustini
543 2829 556 2869 ὅ
570 2829 635 2869 addit
651 2838 679 2872 at.
747 2829 772 2870 13
795 2829 899 2882 Quintus]
918 2825 984 2867 iubet
992 2825 1018 2880 s,
1039 2840 1054 2866 a
1067 2839 1112 2868 ace.

413 2897 478 2924 nm
491 2883 591 2923 additu·
605 2889 641 2922 cat
654 2884 676 2922 ia
691 2882 734 2949 ‘Ru
753 2889 859 2936 ystoriam
866 2882 891 2934 f.
911 2887 921 2932 ΙΙ
942 2883 1054 2935 Dareum]
1070 2885 1112 2924 La·

414 2935 803 3042 stumiiszsstita
817 2936 1114 3052 stitutum

416 3043 494 3084 tabula
507 3045 625 3095 Europae,
643 3056 706 3098 quaa
723 3048 904 3096 repraesentant
925 3039 1073 3097 Rerffeaberg
1090 3053 1114 3079 ra

414 3096 576 3192 ssi¹‘¹''ii1‘.¹‘
594 3095 1114 3204 tt::⁶;0232¹2.t}³'·s¹¹ttt]³stt

415 3164 500 3258 narn?
543 3164 668 3258 liiqnntent]
686 3219 700 3256 p
722 3212 782 3254 ..nt‚
797 3209 820 3242 et
830 3179 875 3255 pri)
888 3163 1027 3246 utsiiticrr'a
1041 3167 1115 3241 111ιί-

414 3257 453 3354 ga
468 3271 482 3297 a
496 3270 541 3367 εἴ..
555 3270 619 3351 ..αἶα
632 3257 700 3352 mg.
719 3258 767 3353 2511
780 3261 859 3364 ratjgmi
874 3255 894 3300 b.
946 3257 974 3298 ¹2⁰
988 3259 1083 3310 ystorias
1090 3255 1115 3307 s.

456 3325 511 3364 quaa
537 3323 580 3364 que
608 3342 615 3355 .
695 3333 717 3342 -
761 3323 801 3353 οι.
828 3340 834 3354 ,
