2376 3904
98 337 176 383 VSI

124 505 134 548 1
324 479 437 547 Vectis

121 610 136 652 ‘2
209 612 212 622 ·
325 585 455 650 Malaca

121 712 136 756 e
325 689 459 754 insenos

120 815 136 858 4
324 790 503 859 Taniatide.

122 921 136 963 a
208 895 261 964 31.
311 897 351 962 In
380 895 512 962 Oceano
544 919 619 962 vero
654 895 848 963 occidentali
876 905 926 962 est

121 1023 136 1066 o
175 1001 281 1066 insula
309 1023 390 1084 quae
418 999 537 1064 dicitur
558 999 743 1082 Britannia,
771 998 828 1064 ubi
850 999 926 1064 olim

121 1128 136 1171 7
175 1127 256 1191 gens
271 1102 436 1170 Saxonum
458 1104 590 1167 veniens
613 1102 654 1167 ab
677 1103 810 1186 antiqua
824 1100 927 1170 Saxo-

121 1231 137 1275 a
174 1208 229 1273 nia
262 1229 335 1272 oum
362 1207 507 1292 principe
541 1229 601 1272 suo
627 1205 756 1272 nomine
784 1205 926 1272 Ansehis

121 1334 136 1378 a
175 1309 271 1376 modo
300 1309 445 1375 habitare
474 1307 612 1373 videtur.
660 1331 757 1393 quam
778 1310 927 1392 insulam,

103 1429 137 1474 ιο
174 1425 212 1480 ut
226 1413 377 1494 diximus,
392 1411 523 1500 quidam
533 1411 732 1479 Graecorum
743 1413 927 1500 philosophi

104 1533 136 1578 11
175 1518 268 1602 quasi
290 1515 459 1582 micosmin
481 1516 733 1600 appellavenmt.
778 1541 853 1584 nam
867 1539 926 1584 nos

103 1636 137 1682 12
174 1630 242 1687 tam
274 1642 425 1707 magnam
455 1617 593 1684 insulam
626 1641 731 1704 neque
762 1621 797 1686 in
830 1643 929 1706 supra

103 1740 137 1786 na
174 1725 296 1809 scripto
324 1723 405 1788 mari
438 1744 556 1810 magno
589 1745 694 1808 neque
721 1723 755 1787 in
781 1725 927 1811 praefato

103 1843 138 1889 14
175 1825 308 1894 Oceano
336 1825 527 1890 dilatissimo
556 1848 661 1912 neque
689 1825 723 1891 in
751 1849 815 1911 quo
836 1849 929 1914 prac-

103 1949 136 1995 1⁶
175 1929 315 1998 diximus
337 1929 410 1996 sinu
426 1926 552 1995 Oceani
566 1929 736 2018 legendam
751 1931 818 1996 ullo
831 1929 927 1995 modo

103 2057 137 2103 16
174 2033 382 2120 repperimus.

177 2191 189 2234 1
209 2187 293 2234 Vectis
309 2189 380 2233 etiam
391 2185 456 2233 Plin.
468 2185 533 2232 Suet.
552 2184 604 2244 alti,
629 2179 744 2251 Οὗηκτίς
760 2185 832 2243 Ptol„
852 2186 929 2234 Vecta

173 2261 230 2304 Aut.
249 2264 272 2304 et
289 2257 368 2315 Beda,
400 2257 477 2304 nectis
495 2257 523 2303 A.
596 2257 611 2304 2
639 2257 745 2315 Malaca}
770 2256 877 2317 sortasse
895 2255 928 2304 la·

172 2329 273 2390 pandum
290 2327 397 2376 Malacae
420 2342 476 2374 uam
493 2325 557 2374 Pal.
576 2327 646 2374 habat
663 2324 786 2381 Malaios·
803 2330 852 2374 aaa
869 2331 929 2378 Ma·

172 2393 240 2452 labe.
289 2399 440 2446 4tamatide
458 2398 481 2443 B
499 2397 564 2456 editi,
583 2398 682 2446 'sanatis
701 2399 786 2455 Solia„
805 2399 928 2447 Thanatos
956 2391 958 2395 ¹

174 2471 271 2528 Isidos„
295 2470 400 2516 Tanctoa
418 2469 482 2528 (sina
497 2468 619 2528 Tanatos)
637 2469 716 2528 Beda,
740 2469 809 2516 todia
825 2469 927 2517 Thenet.

173 2541 184 2587 u
191 2546 250 2600 post
267 2539 395 2586 Taniatidc
415 2537 434 2586 C
451 2538 506 2585 add.
526 2540 556 2585 de
574 2539 710 2599 insulaque
723 2541 929 2588 diciturbritauia

173 2613 199 2658 in
218 2623 322 2658 occeano
348 2609 493 2656 occidentali
516 2611 604 2668 posita.
677 2611 690 2657 5
719 2611 868 2658 occidentale
885 2612 929 2658 AB

173 2683 240 2729 editi.
313 2683 327 2728 6
357 2679 461 2728 britania
479 2678 528 2727 BG.
602 2681 616 2727 6
643 2683 656 2728 7
690 2680 747 2730 olim
768 2685 840 2742 gons}
865 2697 928 2730 nunc

173 2767 234 2814 gens
252 2751 282 2810 C,
310 2751 424 2811 elongem
448 2751 477 2796 A.
551 2753 565 2797 7
589 2757 647 2810 post
664 2765 723 2812 gens
748 2750 766 2799 0
789 2753 844 2799 add.
868 2753 928 2800 alias

173 2823 299 2883 olongens.
350 2823 365 2868 8
384 2822 486 2881 anaehys
506 2820 530 2880 0,
549 2821 653 2870 Auschis
671 2823 739 2880 editt·
757 2827 774 2872 i.
787 2837 806 2870 e.
825 2823 930 2884 chgist

173 2893 271 2940 Bedaei
341 2887 356 2939 9
384 2893 470 2949 modo]
489 2893 514 2938 in
533 2905 562 2938 ea
580 2893 602 2938 B
621 2893 686 2940 editi.
723 2895 733 2940 ΙΙ
768 2907 840 2953 quam
858 2897 929 2940 etiam

174 2965 252 3022 910,
281 2964 389 3023 quamvis
412 2961 477 3009 ABG
499 2962 563 3010 editt.
638 2966 668 3015 10
697 2963 855 3021 Graecorum!
880 2963 928 3012 Go-

173 3037 271 3082 thorum
284 3033 349 3080 editi.
395 3035 425 3080 11
454 3034 581 3080 micosmin
600 3035 699 3082 etiam9
720 3036 761 3092 11,
781 3035 927 3092 mirosmiA,

173 3106 284 3152 micosmi
302 3105 325 3151 B
342 3103 411 3160 editi,
439 3105 572 3164 mycosmiu
589 3119 667 3166 mary.
687 3103 711 3153 0.
785 3106 815 3152 12
841 3119 930 3166 magna

174 3176 254 3224 insula
271 3177 299 3222 Δ.
355 3175 386 3222 15
405 3175 458 3221 sino
476 3175 527 3221 ΑΒ.
552 3176 563 3221 ΙΙ
585 3175 651 3222 nullo
670 3177 714 3222 AB
732 3176 796 3222 editi.
843 3177 874 3222 16
892 3189 929 3222 rc-

173 3247 279 3306 perimns
296 3244 340 3294 Bc
356 3246 419 3291 editi.
447 3245 458 3290 ΙΙ
479 3253 536 3304 post
554 3247 701 3306 repperimus
720 3245 810 3294 Cadd.
829 3247 858 3293 de
871 3247 929 3292 civi-

174 3318 264 3364 tatibus
283 3317 384 3363 britanis
403 3322 427 3362 et
445 3316 528 3362 insule.
