2358 3906
67 329 132 376 Vl
825 333 907 388 ¹325

93 477 119 542 ι’
149 497 264 540 corum
285 474 430 559 possidet
449 479 626 562 generatio,
647 479 725 544 item
740 477 907 546 Oceanum

90 603 108 647 a
149 578 324 660 Britanici‚
345 576 654 666 Spanoguaseoniei‚
676 605 788 647 verum
810 586 907 650 etiam

90 709 109 753 a
149 679 285 768 Spaniei
307 704 409 765 usque
431 683 474 748 ad
497 706 595 770 supra
617 685 772 772 scriptum
787 689 905 754 fretum

90 811 109 855 4
150 784 241 869 quod
270 784 409 852 diximus
436 785 739 875 Septemguditane,
772 789 829 855 ubi
858 801 907 858 est

91 913 108 957 o
149 911 244 954 mons
267 886 405 955 Statiola
427 900 460 956 et
482 891 605 956 insulae
627 892 835 958 Fortunatae.

91 1019 108 1063 s
184 991 221 1060 V
242 991 273 1060 1.
318 993 363 1058 Et
385 995 412 1060 si
435 1005 521 1059 amat
542 995 645 1060 lector
665 997 717 1061 vel
732 996 860 1062 auditor
875 1007 907 1062 et

91 1121 108 1166 7
149 1097 266 1162 volunt
287 1095 437 1163 subtilius
453 1099 536 1164 scire
553 1107 640 1166 totas
657 1101 802 1166 civitates
820 1101 907 1166 cirea

91 1225 108 1269 8
150 1202 248 1266 litora
269 1201 370 1265 totius
392 1203 489 1267 maris
504 1205 614 1290 magni
628 1206 750 1289 positas
765 1213 907 1269 tantum-

91 1327 108 1372 a
149 1304 248 1370 modo
271 1327 369 1369 unam
392 1305 484 1369 alteri
507 1328 672 1390 conexam,
696 1310 757 1374 etsi
773 1331 826 1374 eas
842 1310 906 1372 ium

74 1433 108 1476 ro
149 1419 237 1474 totas
261 1409 495 1474 nominavimus
518 1434 576 1495 per
599 1414 743 1500 singulas
759 1435 834 1477 suas
848 1434 906 1497 po·

73 1540 106 1582 11
151 1514 230 1578 sitas
260 1513 400 1598 patriae,
435 1522 576 1579 attamen
605 1518 793 1581 reiterantes
820 1524 906 1580 totas

74 1641 108 1687 12
150 1617 239 1680 circa
260 1616 356 1680 litora
377 1617 474 1681 maris
497 1621 605 1705 magni
627 1621 749 1705 positas
774 1616 904 1686 Christo

72 1747 107 1791 13
150 1719 246 1784 nobis
281 1719 454 1783 auxiliante
494 1724 649 1788 minutius
683 1721 904 1809 designemus:

75 1851 108 1894 14
149 1822 237 1888 unde
260 1823 347 1887 illico
375 1821 436 1888 deo
464 1836 624 1891 annuente
645 1827 837 1911 incipientes
854 1827 906 1892 ¹ita

75 1951 107 1997 15
150 1949 206 1992 eas
236 1926 471 1992 nominavimus
502 1938 535 1993 et
562 1928 756 1995 nominando
787 1928 905 1994 subici·

75 2057 108 2101 16
148 2053 240 2111 mua,
263 2031 408 2114 inprimis

152 2258 162 2301 l
196 2255 323 2313 generacio
344 2253 367 2300 0.
396 2256 405 2300 ΙΙ
431 2256 489 2302 item
508 2260 560 2313 eta]
579 2258 637 2303 itam
656 2257 767 2304 Oceanus
784 2257 906 2304 Britanni-

146 2339 193 2370 cus
211 2324 371 2382 Aquitanicus
384 2323 641 2385 Spanoguasconiacus
658 2343 741 2375 verum
760 2329 831 2374 etiam
845 2327 906 2387 Spa-

145 2397 218 2442 nicus
239 2395 322 2440 (idida.
351 2396 361 2441 ΙΙ
387 2409 517 2443 occeanum
530 2398 558 2455 A,
578 2403 662 2445 oceani
679 2401 709 2457 B,
729 2399 821 2446 Oceani
839 2399 905 2444 editi.

147 2467 163 2512 2
190 2467 275 2521 etiam]
295 2471 319 2511 et
337 2465 402 2512 editi.
457 2470 471 2514 Β
497 2469 528 2515 ad
546 2483 591 2515 om.
604 2471 648 2515 ΑΒ
666 2471 731 2516 editi.
778 2471 801 2524 ,4
826 2475 905 2528 septa·

146 2537 280 2597 gadditane
292 2538 320 2592 A,
339 2537 543 2597 septegadditanu
557 2538 580 2596 Ο,
600 2541 793 2605 septe-gaditana
805 2541 828 2586 B
840 2540 905 2586 editi.

147 2608 163 2654 5
186 2605 288 2653 staaiola
309 2605 332 2663 (1,
356 2608 456 2654 asciola
475 2606 520 2667 (W,
539 2611 630 2656 testula
648 2611 688 2657 θ’.
715 2612 724 2657 ΙΙ
750 2615 785 2668 etl
804 2609 845 2656 vel
861 2611 905 2657 ΑΒ

146 2677 215 2724 editi.
247 2678 257 2723 11
283 2683 342 2737 poet
363 2678 508 2725 Fortunatae
533 2679 552 2726 C
574 2681 630 2727 add.
654 2681 769 2742 prologus
791 2680 905 2728 auctoris.

146 2749 179 2794 de
189 2748 331 2794 civitatibus
340 2749 410 2796 iuxta
419 2763 485 2795 mare
494 2765 607 2810 magnum
616 2753 711 2811 positis.
753 2755 766 2799 6
786 2765 869 2799 amans
880 2751 904 2799 0.

145 2820 157 2866 u
173 2823 199 2864 et
217 2818 350 2875 (alterum)
370 2833 414 2865 om.
433 2819 476 2866 ΒΟ
493 2821 557 2867 editi.
613 2824 627 2868 8
654 2823 738 2870 littora
755 2821 804 2870 Bc.
832 2823 842 2869 ΙΙ
867 2828 905 2868 to·

146 2890 202 2936 cias
220 2887 251 2934 B.
300 2891 314 2936 9
343 2889 442 2937 alterius
463 2891 482 2935 B
500 2892 557 2939 editi
575 2899 601 2938 at
619 2892 688 2954 iufra
705 2895 726 2941 V
741 2895 783 2940 1⁶.
812 2894 822 2939 ΙΙ
848 2907 905 2940 con·

145 2973 238 3006 nexam
251 2959 317 3006 editi.
336 2960 346 3007 ΙΙ
369 2963 426 3017 atsi]
445 2961 483 3007 vel
497 2963 518 3008 si
536 2963 655 3010 ABedtti.
711 2967 741 3011 10
763 2965 793 3012 11
813 2963 905 3024 patriar

145 3029 286 3091 positast.
353 3033 382 3078 11
413 3036 605 3081 attamen-12
634 3036 727 3094 positas
753 3050 798 3081 om.
817 3033 904 3081 Porcii.

149 3101 183 3147 12
200 3101 285 3147 littora
303 3101 351 3148 BC.
409 3104 440 3150 13
460 3105 568 3151 minutiis
593 3105 618 3152 C.
645 3107 655 3152 ΙΙ
680 3106 859 3166 designabimus
880 3103 903 3150 G.

148 3174 184 3218 14
206 3172 271 3217 unde
286 3203 316 3213 ...
337 3173 367 3220 16
392 3174 502 3232 inprimis
524 3191 569 3222 om.
588 3177 632 3221 AB
650 3176 714 3223 editi.
789 3177 820 3222 16
846 3180 904 3234 poet

145 3242 283 3289 subicimus
306 3241 397 3290 Oudai.
418 3245 529 3293 civitates
548 3248 593 3293 iste
612 3253 668 3294 suat
687 3259 765 3294 exxx.
794 3247 804 3292 tl
829 3245 904 3304 inpri-

145 3313 209 3371 mis]
229 3315 295 3372 quod
313 3315 356 3362 AB
375 3314 439 3361 editi.

1068 1119 1098 1158 ,ὓ
