2372 3904
108 511 118 553 1
312 483 428 548 Zurbis

107 611 120 656 a
311 587 538 671 Plutinopolis.

107 715 120 758 a
203 692 293 756 Inter
322 713 398 755 vero
428 690 578 755 Traoiam
606 690 656 752 vel
685 688 912 755 Macedoniam

106 818 121 860 1
158 805 193 860 et
214 796 357 881 Mysiam
380 794 563 858 inferiorem
586 792 681 856 modo
697 793 832 880 Bulgari
855 794 912 858 ha-

108 921 121 965 5
158 897 277 978 bitant,
302 899 356 982 qui
379 921 420 962 ex
442 919 544 982 supra·
561 899 682 981 scripta
697 898 816 962 maiore
832 894 913 984 Scy-

108 1023 122 1066 s
157 1003 228 1068 thia
242 1003 365 1089 egressi
381 1010 465 1066 sunt.
513 1001 588 1084 quia
602 1000 854 1085 Marcianopolis
872 1023 911 1065 ex

108 1127 121 1170 7
158 1106 270 1192 Mysia
293 1106 443 1170 inferiore
459 1104 609 1190 pertinet,
632 1111 820 1168 attestatur
834 1104 913 1168 mihi

109 1229 122 1272 s
157 1210 345 1274 multotiens
361 1206 467 1272 dictus
486 1205 634 1271 Iordanis
649 1208 912 1294 cosmographus,

109 1330 122 1372 a
159 1335 307 1378 asserens
334 1309 422 1396 quod
450 1311 554 1396 ipsam
576 1309 845 1395 Marcianopolim
868 1313 913 1374 oi-

94 1434 122 1478 10
157 1418 292 1481 vitatem
320 1414 481 1480 Traianus
511 1413 686 1499 imperator
716 1436 775 1498 pro
805 1437 911 1478 amore

95 1541 122 1585 11
157 1519 305 1584 Marciae
335 1518 454 1583 sororis
483 1539 561 1581 snae
590 1517 802 1582 aedificasset.
854 1541 912 1604 per

96 1643 123 1686 11
158 1646 256 1708 quam
265 1621 534 1706 Marcianopolim
546 1621 651 1686 medio
663 1621 779 1686 transit
794 1620 911 1686 fluvius

96 1747 123 1790 13
158 1728 213 1810 qui
238 1724 358 1790 dicitur
379 1725 535 1790 Potamia.

97 1849 124 1892 14
191 1831 222 1898 7.
269 1829 392 1895 Iterum
414 1838 580 1914 ponuntur
601 1827 730 1912 Mysiae
754 1825 847 1908 duae,
877 1827 911 1892 id

45 1954 54 1976 1
98 1952 123 1997 15
158 1944 207 1998 est
219 1935 351 1998 inferior
367 1942 399 1997 et
410 1934 565 2017 superior.
612 1952 691 2014 quas
709 1931 830 2014 patrias
841 1932 913 2015 plu-

161 2193 171 2235 1
200 2191 291 2236 Zirinis
314 2189 378 2247 Tala„
406 2191 535 2259 Ζειρηνία
553 2189 634 2247 Saepo.
709 2189 722 2232 2
753 2186 912 2245 Plotinopolis

150 2262 222 2319 'editt
250 2260 400 2320 Plotinopoli
423 2262 478 2306 Act.
504 2267 526 2307 et
547 2260 603 2306 Tob.
676 2261 690 2304 3
719 2271 776 2304 vero
800 2258 861 2302 inter
887 2256 910 2303 C.

158 2333 167 2378 ΙΙ
179 2333 253 2378 tratis
281 2331 336 2388 AB,
372 2331 499 2376 Thraciam
526 2331 590 2378 editi.
627 2330 637 2376 ll
670 2321 852 2376 machedoniam
887 2326 911 2374 C.

159 2406 172 2449 4
200 2405 295 2449 misiam
323 2403 355 2457 A,
392 2402 499 2448 misslsm
528 2400 552 2448 0.
585 2401 595 2446 ll
625 2401 723 2459 Bulgari
754 2414 799 2445 om.
823 2397 911 2446 Porci.

159 2476 173 2520 l>
200 2477 245 2529 ex]
270 2473 300 2518 de
329 2471 353 2519 0.
381 2473 391 2518 ll
416 2473 502 2518 maiori
531 2471 556 2519 G.
581 2473 590 2516 ΙΙ
616 2471 703 2518 sicthia
726 2473 754 2526 A,
782 2471 863 2530 sythia
880 2459 930 2514 Β.Ι

160 2548 173 2591 6
201 2546 259 2603 quia
277 2543 462 2603 Martianopolis
479 2561 512 2570 -
532 2545 562 2589 13
582 2542 705 2597 Potamia]
728 2543 816 2587 rectius
837 2554 911 2599 poce-

158 2613 306 2661 reatnr187
325 2613 359 2660 17
371 2621 427 2672 post
438 2613 539 2660 Gavilis.
595 2615 609 2658 6
630 2614 698 2671 qnia]
709 2613 751 2669 qui
761 2613 791 2658 ab
801 2613 829 2668 A,
850 2625 911 2670 quae

159 2687 222 2732 odia.
253 2685 264 2730 ll
293 2684 476 2744 martianopolis
490 2685 516 2741 A,
536 2683 704 2742 martinopolis
722 2683 802 2741 (corr.
818 2697 861 2741 pr.
879 2697 920 2728 ms

150 2755 356 2816 martianopolis]
376 2757 405 2811 B,
433 2755 617 2814 Martianopolis
636 2754 700 2800 editi.
761 2755 775 2800 7
795 2753 865 2799 misia
882 2754 910 2810 A,

158 2829 234 2888 misya
248 2825 273 2873 0.
292 2825 301 2872 ΙΙ
317 2827 424 2872 inferiori
433 2827 554 2884 pertinent
564 2825 599 2872 (1.ι
608 2825 617 2871 ll
635 2825 708 2870 michi
720 2827 749 2870 A.
790 2825 805 2870 8
824 2822 912 2870 multo-

158 2900 222 2945 ciens
231 2897 280 2954 Aa,
298 2896 421 2944 multoties
434 2897 498 2942 editi.
518 2896 527 2941 ΙΙ
544 2896 662 2952 Iordanis]
677 2895 705 2941 dc
714 2895 763 2940 reb.
776 2895 826 2941 Get.
846 2909 866 2939 c.
878 2895 912 2939 16

154 2985 178 3028 p.
191 2969 241 3016 634
258 2968 325 3014 Grot.
368 2969 381 3014 9
401 2967 596 3027 martianopolim
608 2968 652 3012 AB
666 2966 731 3012 editi.
749 2966 759 3012 ll
775 2967 911 3020 civitatem]

158 3043 205 3088 cini
223 3041 254 3086 B.
317 3040 348 3084 10
377 3040 484 3085 troianus
505 3037 529 3084 0.
595 3041 625 3084 11
654 3037 772 3093 Marciae]
791 3037 864 3082 matis
882 3038 911 3080 A.

160 3114 190 3158 12
211 3109 379 3170 marcianopili
391 3111 420 3166 B,
440 3109 636 3168 martianopolim
654 3110 675 3154 A
694 3107 758 3154 editi.
816 3107 845 3152 13
866 3105 912 3151 Po-

157 3184 245 3237 tamin]
259 3181 348 3228 flumen
412 3180 506 3226 Potami
519 3185 678 3239 cognomento
691 3177 813 3226 Iardanos.
833 3177 843 3222 ll
855 3182 912 3234 post

158 3253 268 3300 Potamia
296 3250 315 3298 0
340 3252 408 3298 addit
439 3252 469 3296 de
497 3252 575 3311 misya
601 3250 708 3296 inferiori
736 3254 760 3294 et
787 3247 911 3305 superiori.

161 3327 192 3370 14
220 3323 323 3378 Iterum]
345 3323 401 3370 item
420 3324 505 3368 iterum
524 3322 548 3368 0.
576 3323 586 3366 11
612 3321 680 3367 misia
699 3320 749 3376 AB,
774 3318 849 3378 mysie
870 3315 894 3364 C.
