2464 3896
289 271 322 322 12
1056 273 1111 322 ιε»
1224 243 1225 250 '

308 440 319 484 1
357 415 557 496 extendatur,
585 425 618 480 et
642 414 776 501 proinde
807 416 1029 482 arbitrandum
1056 429 1113 484 est

306 542 321 586 a
348 507 438 602 ¹quia¹
453 542 529 604 prae
543 518 651 584 valida
671 519 904 605 longinquitate
920 520 1111 606 praedictae

306 645 321 689 a
358 611 455 686 eremi
477 623 526 688 sol
547 645 651 687 moras
667 623 818 706 usquein
831 622 959 688 Indiam
975 626 1113 690 venien-

305 747 322 792 4
358 725 435 790 dum
456 726 545 808 facit,
568 748 641 790 eum
663 724 809 788 omnibus
831 725 938 810 padam
953 729 1113 813 estquod

268 891 275 901 ,
306 853 320 897 5
357 830 442 893 ultra
469 830 550 894 fines
575 839 732 894 terrarum
765 829 866 892 oritur
895 830 947 893 vel
975 833 1113 915 ponitur

306 959 320 1004 e
358 933 422 996 sol:
434 932 477 996 ad
488 955 568 1016 quos
581 931 717 996 dicimus
729 931 887 1015 quomodo
899 933 990 997 verbi
1001 936 1113 1020 gratia

306 1062 321 1106 7
358 1042 423 1102 stat
445 1036 541 1100 homo
556 1036 590 1100 in
605 1034 725 1116 Seotia,
748 1034 804 1099 nbi
826 1036 896 1099 iam-¹
911 1046 998 1101 terra
1020 1038 1111 1103 ultra

306 1163 321 1208 8
358 1139 447 1204 nullo
469 1139 566 1204 modo
579 1139 740 1207 invenitur
754 1138 840 1224 apud
854 1141 1012 1204 humanos
1028 1163 1111 1205 ocu-

307 1268 321 1311 s
357 1243 418 1324 loe,
440 1243 470 1306 ei
493 1251 655 1327 comparet
676 1241 764 1325 quod
786 1245 962 1309 certissime
985 1243 1113 1308 duode-

272 1371 320 1414 ·1o
359 1347 422 1411 eim
443 1347 538 1412 horas
562 1345 625 1411 diei
648 1346 775 1430 expleat
796 1356 829 1410 et
842 1348 1042 1432 propinquus
1058 1348 1111 1412 sol

290 1475 321 1518 11
360 1451 549 1527 collocetur3
573 1459 606 1513 et
627 1449 655 1513 si
676 1448 836 1514 inerudito
850 1469 946 1514 more
968 1473 1110 1536 pergens
1151 1522 1153 1526 ,

291 1577 321 1622 ra
357 1555 472 1617 itinere
485 1554 539 1618 hio
553 1553 762 1638 investigator
774 1553 871 1618 finem
882 1575 1017 1618 occasus
1030 1554 1110 1620 solis

290 1682 322 1726 13
359 1658 561 1741 exquisierit,
594 1677 796 1738 nequaquam
828 1658 971 1722 invenire
1004 1667 1111 1743 putet,

263 1783 322 1828 -14
359 1764 434 1846 quia
459 1757 681 1826 tantummodo
715 1761 850 1824 creatori
884 1762 1027 1824 omnium
1054 1783 1111 1826 oo-

291 1885 322 1932 15
359 1868 485 1953 gnitum
507 1875 572 1941 est3
594 1863 665 1948 pari
680 1862 776 1928 modo
791 1872 824 1927 et
838 1865 1026 1928 orientalem
1039 1865 1110 1950 pla-

291 1994 322 2038 ro
359 1993 433 2056 gam
449 1966 667 2043 arbitrandum
680 1975 739 2047 est,
755 1968 832 2050 quia
843 1969 992 2032 exlatere
1004 1969 1110 2034 orien-

290 2097 322 2141 Π
344 2073 426 2154 tali,
449 2072 593 2155 quamvis
616 2069 739 2135 dietum
761 2071 804 2135 sit
825 2071 913 2154 quod
926 2081 1002 2157 post
1015 2082 1110 2160 terga

291 2201 322 2244 18
359 2175 463 2240 eidem
477 2172 590 2237 Indiae
611 2174 879 2239 intransmeabilis
902 2175 1021 2240 existat
1040 2199 1110 2240 ere-

291 2304 322 2348 19
360 2300 442 2358 mus,
466 2277 561 2341 siouti
584 2287 616 2342 et
637 2278 672 2340 in
686 2263 796 2342 Sootia
818 2276 1008 2342 duodecima
1029 2279 1110 2347 hore

289 2406 321 2451 20
360 2380 423 2444 diei
446 2380 598 2465 explioita
619 2391 825 2466 supputatur,
849 2383 939 2464 quia,
966 2391 1004 2446 ut
1025 2381 1109 2448 dixi-

289 2512 320 2556 21
358 2506 441 2564 mue,
462 2493 537 2568 post
550 2493 643 2570 terga
655 2485 818 2548 Britaniae
837 2483 974 2564 adiacet,
997 2508 1108 2568 quam·

289 2615 321 2659 22
358 2589 407 2652 vis
418 2597 493 2672 post
504 2586 638 2652 eandem
649 2585 792 2652 Sootiam
803 2587 844 2652 ab
855 2588 1005 2652 humanis
1013 2588 1108 2653 obtu-

359 2812 467 2871 lproin
484 2811 548 2856 editt
603 2811 706 2869 iprae!
725 2823 769 2869 pro
786 2811 816 2856 B.
872 2812 937 2857 3in
955 2812 1106 2858 om.Bediti.

357 2884 367 2928 n
380 2882 498 2927 veniendo
515 2881 579 2927 editi.
634 2883 649 2927 8
676 2879 772 2927 oeeuloa
789 2882 819 2926 B.
879 2884 910 2927 11
939 2883 959 2928 si
978 2883 1104 2940 inerudito}

357 2954 407 3000 sine
428 2953 507 2998 nitido
525 2953 568 2998 AB
590 2951 660 3006 editu
682 2950 769 3012 cf.10
789 2952 806 2996 2
827 2952 868 2998 ubi
890 2953 1010 2998 inerudito
1032 2967 1105 3000 more.

356 3025 459 3074 ltmorao
478 3023 542 3070 editi.
581 3023 612 3068 12
639 3023 687 3078 hiel
705 3023 876 3068 hiaABediti.
899 3023 908 3069 ΙΙ
925 3024 1034 3081 posthie
1050 3024 1107 3070 editi

356 3094 487 3140 adduotsi.
534 3095 565 3141 16
584 3092 816 3140 orientalisBedr'u'.
871 3095 903 3139 18
922 3095 1030 3140 eiusdem
1042 3094 1105 3140 editi.

357 3166 388 3212 21
416 3165 555 3211 Britanniae
566 3163 631 3208 editi.
690 3164 722 3209 22
750 3168 814 3223 post}
826 3178 869 3222 per
880 3165 945 3210 editi.
968 3165 979 3210 ΙΙ
998 3166 1105 3211 eamdem

356 3235 420 3282 editi.
443 3235 452 3279 ΙΙ
474 3235 599 3294 optutibus
614 3233 646 3278 B.
