2378 3902
84 366 160 414 wan

99 536 109 579 1
308 515 398 582 Nida

98 638 110 681 r
307 620 423 685 Dubra

97 740 111 784 a
308 723 416 789 Movit

97 841 112 886 4
308 827 398 894 Rura

98 945 112 991 5
307 931 391 998 Inda

99 1050 112 1093 a
308 1037 441 1102 Arnefa.

101 1155 113 1198 r
182 1137 240 1206 25.
294 1137 417 1205 Iterum
446 1141 585 1228 desuper
615 1145 718 1228 ipsam
747 1144 909 1228 quomodo

99 1257 114 1301 a
150 1249 189 1305 ut
212 1243 361 1310 dicamus
384 1244 426 1308 ad
440 1246 556 1310 faciem
570 1248 693 1332 patriae
708 1247 910 1312 Francorum

102 1362 115 1405 a
151 1343 349 1412 Rinensium
378 1358 428 1413 est
453 1352 559 1434 patria
581 1373 663 1434 quae
686 1349 805 1416 dicitur
827 1352 910 1418 Tur-

88 1462 117 1508 10
152 1451 271 1538 ringia,
294 1473 376 1536 quaa
398 1454 575 1537 antiquitus
592 1454 768 1521 Germania
786 1478 910 1521 nuncu-

89 1566 118 1610 11
153 1564 261 1638 patur,
286 1574 368 1638 quae
387 1558 623 1642 propinquatur
644 1580 718 1624 cum
732 1561 837 1644 patria
851 1557 910 1626 Sar

91 1670 119 1714 1²
155 1681 286 1724 nonum.
333 1682 429 1743 quam
452 1662 589 1746 patriam
612 1661 790 1726 secundnm
813 1685 911 1749 supra

92 1775 121 1819 13
157 1763 313 1847 scriptum
324 1763 505 1830 Anaridum
519 1765 746 1850 philosophum
762 1765 911 1853 designa·

94 1878 123 1924 14
157 1866 272 1932 vimus.
317 1867 352 1931 in
381 1890 445 1951 qua
466 1870 571 1954 patria
593 1869 757 1952 aliquanta
779 1869 911 1936 castella

97 1979 123 2026 15
158 1969 255 2034 fuisse
277 1971 426 2057 legimus,
472 1996 530 2058 par
558 1995 655 2055 quam
677 1971 911 2060 Turringorum

97 2085 125 2130 16
157 2074 292 2158 patriam
315 2081 483 2140 transeunt
505 2077 644 2161 plurima
663 2074 806 2157 flumina,
826 2078 911 2141 inter

98 2191 125 2237 17
160 2186 263 2242 catera
285 2200 368 2261 quaa
392 2178 544 2244 dicuntur

98 2296 125 2340 18
307 2281 377 2346 Bao
400 2292 432 2347 et

98 2398 125 2443 11
307 2384 489 2471 Reganum‚
517 2387 572 2469 qui
595 2388 629 2450 in
651 2386 805 2451 Danubio
827 2409 909 2451 mar-

99 2505 125 2550 1ο
158 2498 286 2574 guntur.

161 2652 173 2695 1
201 2649 277 2708 Nida}
303 2651 372 2697 hodia
395 2649 473 2696 Nied?
546 2653 559 2696 2
588 2653 685 2709 Dubral
708 2651 777 2698 hodie
799 2649 910 2698 Tanbar?

159 2723 172 2766 3
199 2721 288 2778 Movit}
318 2737 349 2768 cm
376 2718 493 2768 Moenus?
591 2725 607 2768 4
634 2723 713 2780 Rural
743 2723 811 2769 hodie
839 2722 909 2769 Roar.

158 2793 172 2837 5
198 2793 272 2850 Inda]
293 2794 366 2847 „hine
385 2793 457 2838 etiam
470 2793 571 2839 Indenea
589 2794 761 2842 monasterium
835 2807 910 2852 propa

156 2861 350 2924 Aquisgranum“
370 2863 457 2909 Porci.
508 2865 521 2910 6
541 2865 630 2912 areiefa
650 2863 674 2922 0,
694 2864 763 2911 hodia
775 2863 837 2910 Erit.
852 2871 910 2922 post

156 2932 244 2980 Amefa
263 2933 282 2981 0
299 2934 355 2981 add.
380 2933 409 2979 da
426 2935 545 2993 turringia
567 2949 613 2994 qua
637 2936 770 2994 antiquitus
789 2935 912 2994 germania

156 3011 315 3065 nuncupatur.
380 3007 394 3050 7
421 3005 525 3061 Iterum]
544 3007 601 3052 item
623 3006 646 3054 G.
712 3009 725 3053 9
753 3007 910 3052 Rhinensium

157 3075 219 3122 editi.
259 3076 269 3122 ΙΙ
308 3075 424 3134 Turingia
442 3076 506 3121 editi.
581 3079 610 3123 11
639 3080 706 3134 euml
735 3082 759 3123 et
780 3074 823 3121 Bu
845 3075 909 3121 editi.

159 3147 188 3191 12
210 3149 241 3193 13
261 3148 434 3205 supradictum
446 3145 470 3203 0,
484 3149 647 3208 supseriptum
655 3149 686 3204 B,
699 3149 833 3207 praefatum
846 3145 910 3191 editi.

160 3217 189 3262 13
207 3219 350 3264 hanaridum
359 3219 389 3264 A.
407 3217 416 3262 ΙΙ
434 3218 586 3276 designamus
604 3218 627 3266 C.
693 3219 723 3265 15
738 3223 797 3277 post
808 3216 911 3275 legimus

158 3288 252 3334 Badd.
271 3289 298 3334 id
317 3293 365 3346 est,
394 3288 450 3334 editi
469 3289 524 3334 add.
544 3290 570 3335 id
589 3295 626 3336 est
714 3289 724 3335 ΙΙ
749 3288 910 3346 aningorurn

159 3358 221 3405 editi.
279 3361 310 3405 18
330 3359 393 3416 Bac}
413 3358 578 3418 hodieWaag.
636 3361 666 3406 19
685 3359 823 3419 Reganuml
842 3357 911 3403 hodie

159 3429 246 3490 Ragau.
266 3431 276 3475 ΙΙ
294 3431 348 3490 quil
362 3443 423 3489 quaa
436 3431 501 3476 editi.
551 3433 583 3477 20
599 3437 656 3490 post
668 3434 807 3490 merguntur
821 3426 839 3474 G
854 3427 910 3475 add.
