2464 3896
121 277 177 326 14
922 274 952 326 ΙΙ

147 446 162 490 1
203 419 343 488 Gabaon
365 445 406 486 ne
428 421 596 504 movea1is,
619 430 652 486 et
665 421 743 486 luna
761 430 873 486 contra
887 422 954 486 val-

144 551 164 595 1
202 526 268 590 lem
282 526 455 591 Achilon.“
495 524 735 591 osolertissimi
755 525 827 605 viri,
848 548 954 597 nonne

146 658 165 705 8
201 629 351 711 tandem,
382 628 510 713 quando
539 629 588 694 sol
618 638 729 694 contra
757 629 864 693 locum
887 626 955 693 Ga·

145 761 166 805 4
202 732 407 798 baonitarum
429 733 529 814 stetit,
552 755 616 797 non
630 733 823 817 respiciebat
836 735 871 797 in
884 742 954 798 toto

146 864 165 908 s
202 835 349 902 mundo?
384 846 417 900 et
438 837 471 902 si
489 827 563 900 talis
586 835 638 900 dei
661 835 798 900 famulus
820 845 857 900 ut
872 836 921 900 sol
936 861 955 900 a

146 966 165 1010 a
202 941 368 1004 nominato
389 938 462 1004 loco
485 961 546 1004 nec
567 941 687 1004 moveri
703 938 874 1005 arbitratus
895 949 954 1020 est,

148 1069 165 1114 r
203 1042 284 1127 qnid
305 1041 455 1129 prohibet
476 1066 535 1128 per
556 1043 699 1129 singuias
714 1044 809 1108 horas
826 1042 889 1108 diei
905 1066 955 1107 ar-

147 1172 164 1217 a
202 1147 324 1211 bitrare
348 1145 436 1231 quod
458 1147 550 1229 quasi
565 1169 661 1231 super
679 1144 832 1229 diversas,
855 1157 892 1211 ut
907 1147 955 1211 di-

148 1278 164 1320 o
203 1259 294 1316 ctum
317 1261 383 1332 est,
414 1249 650 1334 respiciendum
678 1260 870 1336 supputetur
898 1275 955 1337 pa-

128 1379 164 1424 10
201 1354 304 1423 trias?
334 1364 368 1420 et
382 1355 411 1419 si
425 1377 482 1439 per
497 1354 708 1440 horologium,
731 1353 818 1437 quod
840 1355 873 1418 in
889 1378 955 1418 me·

129 1485 163 1530 11
201 1459 282 1524 tallo
299 1457 488 1545 designatur
501 1455 674 1539 modicum,
688 1467 790 1523 totam
802 1457 887 1522 diem
897 1482 956 1544 per

129 1589 163 1636 12
202 1562 354 1627 horarum
370 1561 613 1647 supputationes
634 1560 819 1648 diligentius
835 1561 955 1626 discer-

130 1695 163 1741 11
201 1667 321 1746 nimus⁷
337 1673 457 1748 quanto
473 1665 575 1750 magis
591 1664 764 1749 prudentes
779 1665 840 1728 viri
850 1674 955 1729 totum

131 1800 164 1844 14
202 1779 307 1834 utros
324 1767 572 1853 heropbormum
593 1768 784 1833 arbitrantes
799 1768 955 1832 mnndum

132 1903 164 1948 15
205 1881 342 1959 possunt
365 1871 515 1937 subtilius
545 1895 626 1956 quae
648 1881 811 1957 ponuntur
832 1873 954 1956 patriae

132 2009 164 2054 lt
202 1979 237 2042 in
259 1978 410 2042 universo
432 1974 552 2041 mundo
575 1976 662 2040 circa
676 1972 800 2041 Oceani
821 1974 955 2038 limbum

131 2111 164 2156 ῃ
202 2105 261 2167 per
275 2090 363 2146 totas
379 2081 485 2162 horas,
500 2089 537 2145 ut
551 2079 674 2144 dictum
689 2087 748 2159 est,
769 2087 954 2163 supputare.

132 2216 165 2263 18
238 2185 270 2253 5.
316 2185 362 2249 Et
391 2185 419 2250 si
452 2185 587 2248 forsitan
620 2205 660 2246 ex
694 2181 954 2247 contentionariis

132 2319 164 2366 19
204 2288 365 2374 quispiam
379 2288 524 2374 ingerere
539 2287 687 2368 voluerit,
707 2309 853 2351 asserens
876 2309 955 2370 quo-

130 2423 164 2469 11
203 2393 299 2458 modo
324 2390 521 2458 credendum
548 2389 635 2474 quod
656 2390 759 2475 prima
786 2389 866 2454 hora
891 2388 955 2454 diei

130 2530 163 2576 21
204 2497 253 2562 sol
276 2497 386 2562 statim
408 2496 441 2559 in
463 2493 619 2558 Indorum
639 2493 791 2578 respiciat
808 2493 955 2578 patriam,

130 2633 164 2679 ῃ
203 2601 342 2666 maxime
366 2621 440 2662 cum
455 2596 578 2662 dictum
594 2607 643 2662 est
658 2597 733 2681 quia
746 2598 956 2661 intransmea-

131 2737 164 2782 23
203 2704 278 2769 bilis
302 2725 427 2768 eremus
456 2711 531 2788 post
557 2711 649 2788 terga
677 2699 820 2765 eiusdem
842 2698 955 2764 Indiae

204 2970 219 3015 1
239 2967 338 3028 aquilon
351 2969 379 3024 A,
395 2965 483 3013 Aialon
494 2965 626 3012 nolimu
637 2967 713 3011 cerem
725 2962 831 3025 volgato.
869 2965 882 3010 b
898 2968 956 3021 port

203 3039 307 3086 famulus
324 3037 412 3084 Porcb.
431 3037 499 3083 addit
516 3037 648 3092 {obtinnitl.
717 3037 732 3082 7
763 3027 955 3081 arbitrari'editi.

206 3112 220 3156 9
247 3110 419 3169 respitiendum
430 3110 459 3166 A,
477 3107 607 3166 respiciens
624 3105 688 3152 enta.
744 3107 774 3151 10
802 3107 834 3161 etl
854 3104 907 3162 qnia
926 3103 954 3148 Α.

207 3182 238 3227 12
266 3185 438 3240 supputstones
456 3179 487 3224 B.
552 3177 583 3223 14
610 3191 649 3224 ros
664 3177 857 3236 heropbormuml
875 3174 956 3234 aphai-

205 3252 358 3311 rcphormnrn
374 3249 507 3296 Reaoadot.
577 3247 611 3294 28
637 3248 716 3294 eidam
733 3247 762 3296 B·
782 3263 793 3282 ⁵
