2358 3906
79 345 144 394 vs
857 345 910 406 aas

103 515 118 560 1
200 489 237 558 Si
259 514 337 556 vero
360 492 478 577 aliquis
502 492 618 559 doctus
640 494 766 559 astucia
780 503 813 560 et
832 495 908 561 sub-

102 618 119 664 a
158 597 273 661 tilitate
301 596 492 681 perniciosa,
521 620 578 662 cur
605 597 806 684 supradictas
830 600 908 664 civi-

102 721 119 768 a
157 709 239 766 tates
262 699 341 764 illuc
368 701 414 764 ita
439 701 673 767 nominavimus
696 711 728 766 et
750 724 837 767 nunc
858 703 908 767 in·

101 830 121 875 4
155 806 254 870 ferius
266 803 359 868 aliter
373 803 568 869 nominando
583 807 803 891 supponimus,
819 805 907 872 dicat

103 934 119 981 5
156 931 254 993 quare
269 908 332 974 hoc
346 908 480 972 fecimus
496 917 528 972 et
542 909 708 990 faciemus,
727 909 907 996 respondeo
1005 969 1008 972 .

102 1033 118 1078 s
154 1012 187 1078 id
230 1011 319 1097 quod
359 1034 456 1098 supra
491 1033 680 1099 responsum
724 1023 783 1079 est.
850 1012 908 1078 sed

103 1147 119 1193 ⁷
154 1125 289 1202 quaerat
311 1117 544 1201 suprascriptas
568 1118 713 1181 civitates
731 1117 816 1182 circa
830 1119 907 1182 litus

67 1233 77 1244 “
102 1242 119 1287 8
153 1220 252 1286 maris
282 1217 440 1304 praedicti
468 1221 590 1305 positas
619 1231 652 1284 et
674 1243 694 1284 a
717 1220 810 1285 nobis
833 1221 908 1285 inti-

104 1346 119 1390 a
152 1332 269 1405 mattas,
303 1332 336 1387 et
368 1322 457 1408 legat
489 1333 522 1388 et
550 1325 696 1411 perlegat
724 1323 906 1389 omnimodo

85 1448 120 1494 lc
153 1451 220 1510 cas,
235 1427 374 1512 reperiet
386 1425 473 1492 idem
488 1437 521 1492 et
536 1428 674 1492 eundem
688 1429 907 1514 significantes

85 1556 118 1601 11
153 1540 187 1597 ct
208 1530 317 1595 verbis
339 1554 441 1616 paene
465 1532 586 1598 eisdem
609 1532 787 1616 descriptas
810 1541 907 1616 atque

86 1659 118 1705 12
154 1643 330 1702 enarratas.
375 1658 462 1700 nunc
485 1659 561 1724 ergo
589 1635 630 1700 ad
654 1635 800 1702 civitates
824 1639 907 1702 eius-

84 1765 116 1809 13
153 1739 228 1805 dem
250 1739 348 1804 maris
372 1740 459 1804 eirca
487 1741 563 1806 litus
593 1749 789 1825 exponentes
812 1741 907 1805 reite-

84 1866 117 1910 14
151 1866 262 1909 ramus
286 1851 318 1907 et
341 1865 394 1908 eas
418 1842 639 1910 describimus.

83 1972 115 2018 15
185 1949 217 2016 3.
263 1948 387 2012 Iterum
410 1953 459 2012 est
482 1949 595 2013 civitas
617 1947 762 2012 Pomune

84 2077 115 2121 ιε
305 2050 466 2136 Scapiana

82 2179 113 2224 1r
304 2156 411 2222 Nicea

81 2287 112 2332 18
304 2258 428 2325 Micalo
452 2261 577 2325 colonia
598 2259 775 2324 Diceorum

80 2391 111 2436 19
303 2364 469 2450 Antipolis

79 2494 111 2539 20
304 2466 393 2533 Orca

79 2599 109 2644 21
305 2571 391 2637 Foro
414 2571 490 2636 Iulii

151 2765 164 2809 1
186 2762 211 2809 Si
226 2793 260 2804 -
275 2765 307 2809 14
326 2763 483 2810 describimus
506 2777 550 2808 cm.
569 2763 614 2808 ΑΒ
632 2762 697 2808 editi.
757 2763 771 2807 6
791 2762 815 2808 id
828 2763 905 2820 quod}

148 2836 205 2880 ideo
224 2834 281 2892 quia
302 2833 325 2880 0.
382 2835 414 2881 14
428 2840 487 2893 post
504 2835 661 2880 describimus
682 2832 700 2879 0
718 2831 775 2878 odd.
796 2833 907 2880 civitates

149 2905 196 2952 iste
215 2909 272 2952 sunt
290 2917 343 2951 uxx
362 2905 387 2951 id
406 2911 450 2951 est.
501 2906 531 2952 15
552 2911 589 2952 est
607 2919 651 2950 om.
671 2904 715 2949 AB
733 2903 797 2949 editi.
825 2903 835 2949 ll
860 2903 907 2950 Po-

149 2989 222 3022 mune
244 2977 315 3022 ctiam
339 2975 391 3022 243
412 2975 435 3033 9,
463 2989 568 3036 pomona
596 2975 623 3022 θ.
715 2976 746 3020 16
775 2973 907 3033 Scarpiana

150 3047 203 3092 243
222 3048 264 3094 10.
321 3049 352 3093 17
372 3047 448 3094 Nicea
466 3049 537 3094 etium
550 3047 602 3093 243
621 3048 663 3093 11.
715 3046 746 3090 18
765 3043 862 3091 nicalon
877 3045 905 3090 G.

148 3119 159 3164 ll
170 3119 316 3165 Dioscorum
336 3119 400 3175 editi,
424 3133 469 3164 cm.
490 3119 522 3175 G,·
551 3117 583 3179 cf.
604 3119 655 3164 243
675 3117 709 3162 12
726 3115 766 3161 abi
784 3115 896 3162 Melacon

147 3189 218 3236 ditio.
295 3190 325 3235 19
354 3188 525 3249 Antipolis-
539 3192 589 3237 340
611 3191 625 3236 2
651 3187 793 3236 carnarium
812 3199 856 3232 om.
877 3185 905 3231 G.

74 3299 77 3305 ,
149 3265 182 3309 19
211 3259 342 3320 anthipolis
361 3263 389 3319 A,
419 3261 549 3320 antiopclis
570 3261 593 3318 C,
621 3257 769 3317 Anthcpolis
793 3255 904 3303 24313.

147 3333 181 3380 20
203 3332 267 3379 Ores
285 3334 356 3379 ctiam
368 3333 421 3378 243
440 3332 483 3378 14.
530 3333 560 3380 21
581 3333 643 3380 Foro
654 3331 712 3378 Divi
721 3327 778 3374 Iulii
791 3327 844 3374 243
862 3330 904 3374 15.

704 3397 755 3452 aa*
