2464 3896
279 236 314 285 :tl
1036 233 1048 278 I
1068 236 1102 280 18

300 403 311 446 1
350 377 494 444 ediscere
516 401 697 464 possumus.
744 376 802 443 sed
817 378 845 444 si
859 377 987 465 legeris,
1011 375 1104 444 Odo-

297 505 312 550 a
346 505 434 564 care,
463 482 584 546 bellum
614 481 702 565 quod
731 482 832 568 gessit
853 481 1011 546 Traianus
1035 481 1104 546 Ro-

297 609 312 654 θ
349 610 516 666 manorum
538 587 721 670 imperator,
747 583 875 668 qnando
897 585 973 650 litus
995 595 1102 650 totum

297 714 313 758 4
349 699 495 756 arctoum
518 687 687 756 Oceanum
709 687 894 770 ambulavit,
917 687 1046 771 quando
1069 699 1103 753 et

297 814 311 860 5
348 794 515 860 Dacorum
536 816 646 879 regem
669 791 958 874 devicit‚,1nirifice
980 783 1102 857 ibidem

297 918 311 962 c
348 899 491 964 invenies
504 897 663 981 quomodo
674 895 871 978 mirabantur
882 896 1101 963 Romanorum

297 1023 310 1066 7
348 994 576 1086 sapientissimi
600 1000 791 1068 arbitrantes
818 1000 960 1066 detinere
981 1009 1101 1064 terram

296 1125 311 1170 8
348 1106 534 1190 aequaliter.
574 1171 576 1175 ,

296 1233 309 1274 a
382 1209 434 1278 14.
479 1210 524 1283 Εῖ
554 1211 582 1276 si
610 1210 724 1292 aliquis
747 1209 949 1294 proposuerit
978 1207 1100 1289 dicens,

259 1334 311 1378 ,ιο
347 1338 412 1378 non
435 1315 495 1378 rite
519 1313 576 1380 sed
598 1315 700 1400 magis
723 1315 907 1399 ignoranter
927 1305 985 1398 per
1006 1313 1100 1378 hora-

279 1438 315 1486 11¹
347 1442 419 1484 rum
442 1419 546 1484 noctis
570 1417 826 1504 septentrionalis
845 1415 962 1502 plagae
978 1418 1101 1482 circum

279 1531 310 1578 12
346 1522 482 1586 limbum
493 1520 619 1588 Oceani
632 1523 755 1608 positae
770 1521 895 1606 patriae
907 1530 1100 1606 supputatae

279 1636 310 1680 13
347 1638 434 1707 sunt,
457 1625 534 1690 dum
550 1626 741 1710 quandoque
755 1624 956 1709 horologium
970 1647 1036 1690 non
1051 1635 1101 1688 est

278 1741 311 1786 14
343 1740 381 1794 -et
396 1730 542 1812 fortasse,
558 1740 595 1796 ut
610 1729 745 1811 adsolet,
762 1753 827 1796 nox
842 1727 1018 1814 caliginosa
1033 1729 1099 1792 exi-

278 1845 309 1888 15
348 1848 436 1900 stens
460 1835 547 1898 nullo
571 1833 667 1898 modo
682 1834 768 1898 valet
789 1833 885 1899 homo
902 1821 1007 1897 noctis
1024 1853 1099 1915 sup-

278 1951 309 1995 1c
346 1938 491 2026 putando
514 1940 632 2002 intueri
654 1939 766 2018 horas,
793 1957 962 2022 perquam,
991 1944 1028 2000 ut
1052 1933 1099 1998 di-

278 2055 308 2102 17
346 2052 436 2108 ctum
451 2052 510 2124 est,
535 2063 730 2128 cognoscere
745 2041 848 2126 possit
868 2039 1027 2125 praefatas
1042 2061 1098 2123 pa-

277 2159 308 2204 18
345 2147 441 2210 trias:
466 2145 582 2229 quibus
598 2143 858 2230 respondendum
874 2153 923 2208 est
938 2141 1098 2226 quomodo

277 2265 308 2308 19
346 2269 423 2336 ergo
452 2250 486 2312 in
516 2250 636 2314 sanctis
670 2249 837 2334 scriptmis
865 2249 1021 2326 insertum
1050 2255 1098 2312 est

276 2367 309 2411 20
346 2352 434 2438 quod
465 2353 607 2434 „tactum
636 2362 685 2418 est
707 2353 811 2418 noctis
840 2352 998 2432 medium,
1025 2373 1097 2434 per-

275 2471 307 2520 as
346 2457 448 2522 cussit
471 2455 619 2522 dominus
643 2480 769 2522 omnem
790 2457 1040 2544 primogenitum
1064 2455 1097 2518 in

275 2575 308 2621 aa
344 2570 432 2626 terra
446 2561 628 2647 Aegypti;“
654 2571 686 2626 et
707 2560 973 2647 psalmographus
987 2563 1097 2630 David

275 2679 308 2724 23
345 2666 391 2730 ait
416 2664 542 2747 „media
565 2673 660 2729 nocte
685 2663 856 2751 surgebam
878 2663 919 2728 ad
943 2668 1096 2734 confiten-

347 2853 360 2897 1
399 2851 523 2898 Odocorae
545 2852 614 2910 editi‚·
635 2850 747 2912 fortusse
763 2850 817 2898 Odo
838 2866 905 2910 care3
934 2851 966 2913 cf.
987 2855 1001 2900 1
1022 2856 1055 2900 11
1081 2870 1094 2900 c

344 2923 378 2970 mi
390 2924 462 2968 frater
474 2923 602 2980 carissime,
621 2929 644 2970 et
661 2923 693 2968 31
714 2923 746 2968 14
766 2924 876 2969 comica.
913 2925 926 2970 ’2
947 2925 1054 2972 troianas
1066 2928 1093 2972 A.

345 2994 360 3040 5
389 3000 469 3053 regern
493 2997 520 3040 A.
596 2997 608 3040 7
636 2983 737 3040 detineri
754 2994 827 3044 ,adin
900 2996 931 3040 ll
960 3005 1043 3043 noctes
1065 2999 1094 3043 A.

347 3067 378 3112 12
406 3065 515 3124 lymbum
534 3066 567 3122 B,
595 3066 695 3124 ymbum
717 3066 751 3121 A,
779 3067 819 3124 qui
835 3065 937 3112 limbum
959 3068 992 3112 11
1013 3069 1046 3114 16
1059 3083 1093 3128 aq.

346 3138 378 3182 20
414 3139 504 3182 factum
531 3139 579 3192 est]
607 3136 687 3183 andz'
714 3137 748 3180 12
770 3137 813 3182 29.
919 3139 951 3183 21
985 3145 1038 3186 omo
1064 3141 1092 3185 A.

345 3208 378 3252 22
410 3208 493 3267 egypti
511 3207 541 3252 B.
619 3208 650 3253 23
680 3208 758 3252 media
776 3211 858 3264 nocte]
877 3207 967 3254 Paalm.
981 3211 1033 3256 118
1051 3210 1091 3256 62.
