2376 3904
97 300 192 347 V32

126 468 144 512 1
336 444 551 512 Raxtomessa

126 570 147 614 n
335 545 445 616 Senua

128 671 149 716 3
335 649 442 718 Ounia

129 774 151 817 4
335 755 450 821 Velox.

123 875 149 940 ¹n
228 857 358 924 Finitur
379 869 487 926 autem
508 859 579 946 ipsa
592 861 770 942 Britannia.
816 885 836 928 a
855 864 937 930 faeie

134 982 149 1028 a
186 962 319 1028 orientis
342 961 440 1029 habet
468 964 607 1030 insulam
628 964 724 1031 Thilo
747 973 779 1032 et
801 967 939 1033 insulam

135 1086 148 1130 r
183 1064 371 1149 Doreadaa,
405 1089 425 1132 a
456 1067 539 1132 faeie
572 1067 749 1134 oeeidentis
778 1092 818 1134 ex
846 1078 938 1156 pa1te

133 1189 147 1233 a
183 1169 384 1256 provinciam
399 1167 540 1236 Galliam
556 1180 588 1236 et
601 1173 858 1258 promunturium
872 1172 939 1260 Py·

133 1290 146 1335 a
183 1275 283 1356 renei,
299 1297 319 1339 a
332 1274 414 1339 faeie
430 1275 689 1360 septentrionalis
703 1275 842 1344 insulam
858 1273 938 1342 Seo-

118 1393 147 1436 10
183 1379 274 1461 tiam,
297 1401 317 1442 a
340 1378 422 1444 faeie
441 1377 618 1452 meridiana
633 1376 841 1446 Germaniam
855 1380 939 1446 anti·

116 1498 145 1544 11
184 1504 292 1566 quam.

116 1603 147 1648 12
217 1585 272 1654 32.
317 1585 439 1651 Iterum
461 1587 495 1650 in
510 1584 624 1651 eodem
639 1583 772 1664 Oceano
787 1584 939 1652 occiden-

115 1707 147 1752 ιε
184 1690 256 1772 tali,
278 1698 354 1776 post
375 1690 478 1775 ipsam
497 1713 648 1776 magnam
661 1690 873 1772 Britanniam,
894 1691 938 1756 si·

115 1809 148 1854 14
184 1793 316 1878 mulque
339 1793 530 1878 etamplius
552 1793 698 1880 longius,
727 1801 764 1857 ut
786 1792 938 1876 diximus,

114 1915 145 1962 1⁶
184 1920 282 1982 quam
305 1919 415 1962 omnes
436 1896 561 1962 insulae
581 1919 601 1960 a
614 1904 702 1962 terra
716 1919 833 1984 magna
846 1897 939 1962 finita

114 2019 146 2064 re
183 2011 276 2089 parte
298 2001 551 2087 septentrionali,
572 2000 676 2088 magis
699 2023 740 2066 ex
760 2000 832 2086 ipsa
851 2000 938 2066 oeni-

114 2127 146 2172 17
185 2104 322 2188 dentali,
350 2113 401 2170 est
422 2105 528 2172 insula
555 2106 694 2171 maxima
716 2125 797 2189 quae
820 2103 938 2170 dieitur

186 2298 199 2342 l
228 2295 384 2342 Raetomesaa
405 2294 470 2342 editi.
543 2293 558 2339 2
586 2292 678 2350 Senual
702 2285 796 2358 Σὴνου
813 2307 877 2343 ποτ.
896 2293 938 2342 ἐκ·

184 2361 269 2433 βολαί
283 2364 347 2412 Ptol.
360 2364 438 2411 sedin
449 2363 574 2410 Hibernia.
623 2367 637 2410 Β
657 2363 736 2411 (timia
748 2363 812 2410 aditi.
849 2365 865 2410 4
880 2365 938 2423 post

184 2437 266 2486 Velox
285 2435 304 2484 0
320 2435 376 2482 odd.
395 2437 425 2482 de
443 2435 530 2482 finibus
548 2435 651 2482 britania
669 2440 694 2482 et
712 2433 814 2494 qualiter
831 2435 936 2482 finiatur.

184 2508 198 2556 b
228 2509 321 2564 autem]
339 2507 370 2553 ab
389 2507 417 2563 A,
437 2520 481 2554 om.
500 2505 524 2553 C.
552 2505 562 2552 ΙΙ
586 2507 693 2553 britania
709 2505 758 2553 BC.
813 2506 937 2553 thebeos

184 2579 249 2625 editi.
280 2577 290 2625 ΙΙ
321 2576 398 2638 Thyle
416 2591 495 2638 ωαψς.
514 2575 532 2624 0
548 2582 571 2623 et
589 2576 654 2635 editi,
681 2577 749 2624 Tilae
767 2575 856 2634 Etla'e„
884 2577 937 2624 Tile

183 2647 283 2710 (Thule)
298 2647 366 2696 Oros.
394 2647 403 2694 ΙΙ
429 2651 466 2706 et]
485 2652 545 2696 etet
558 2645 582 2705 Ο,
601 2647 641 2696 val
658 2648 703 2694 AB
721 2647 787 2694 editi.
841 2647 937 2695 7Dor-

182 2720 269 2776 eadaal
287 2725 342 2766 sont
355 2717 460 2766 Oreades
472 2719 572 2765 insulae.
627 2720 642 2765 8
661 2719 801 2778 provinciae
816 2717 860 2764 AB
871 2719 936 2765 editi.

183 2790 194 2838 ΙΙ
204 2789 317 2850 gallicam
338 2787 362 2838 C.
389 2789 399 2836 ΙΙ
424 2789 615 2850 promontorium
633 2790 698 2836 editi.
725 2789 735 2836 t
761 2789 874 2850 Pyrenei]
892 2804 937 2848 pu·

182 2861 251 2909 nurei
268 2862 297 2918 A,
325 2861 426 2920 pumirei
449 2859 473 2908 0.
537 2859 550 2906 9
578 2860 658 2908 insula
674 2860 727 2908 AB.
754 2860 764 2908 ΙΙ
789 2861 867 2909 scotia
883 2860 935 2918 AB,

182 2935 266 2980 aconei
285 2929 310 2978 0.
366 2932 397 2978 10
419 2933 449 2977 11
470 2932 593 2992 germania
609 2933 710 2992 antiqua
725 2931 777 2978 AB,
833 2933 863 2978 11
879 2936 937 2990 port

182 3003 308 3061 antiquam
327 3001 346 3048 0
362 3001 418 3049 add.
442 3003 470 3049 de
494 3001 573 3048 insula
590 3003 690 3061 ybernie
707 3003 733 3048 in
751 3015 853 3049 occeano
872 3001 937 3048 occi·

182 3072 274 3120 dantrli
286 3079 342 3132 post
353 3087 466 3134 magnam
477 3074 607 3120 britaniam
619 3079 643 3120 et
655 3073 758 3133 amplius
771 3087 843 3132 quam
855 3085 937 3118 omnes

182 3143 260 3192 insule
278 3149 303 3190 et
320 3143 416 3204 longino
433 3145 514 3204 posita
532 3157 579 3202 que
596 3144 674 3190 sooria
692 3145 787 3190 dieitur.
836 3145 867 3190 18
886 3143 936 3189 bri·

182 3215 274 3262 taniam
282 3213 331 3262 Be.
371 3216 402 3262 14
420 3214 524 3276 longina,
537 3215 717 3272 ntdiximusl9
737 3213 791 3274 13..
818 3213 849 3262 rt
868 3213 937 3261 finita

181 3299 271 3347 magna
291 3284 316 3332 0.
