2464 3896
115 284 188 333 113
248 357 251 364 1
916 287 950 340 31

138 455 151 498 1
195 430 275 496 flant
296 429 386 496 venti
408 450 475 494 sex.
518 426 595 492 inde
620 438 653 493 et
682 429 710 494 si
733 429 953 500 obstaus'liti-

137 537 153 602 e
195 545 289 625 gater
317 533 435 599 dixerit
468 531 630 618 quomodo
660 544 693 599 et
715 536 861 618 'qualiter
888 561 954 604 una

138 662 154 707 a
195 643 274 708 hora
302 663 361 727 per
387 659 486 706 unam
508 654 639 725 gentem
668 649 878 727 supputatum
903 652 953 709 est

137 766 154 810 s
194 748 364 812 universae
386 749 450 816 diei
472 775 633 837 quamque
655 747 773 828 noetis,
802 745 880 812 dum
903 756 954 812 est

126 869 154 920 'a
194 873 274 938 gens
299 855 494 936 quaeiuxta
508 859 614 944 ipsum
637 855 757 922 residet
773 848 952 933 Oceanum,

138 979 153 1024 e
195 979 277 1040 quae
290 965 380 1022 tenet
389 958 466 1025 litus
477 958 759 1048 ipsumOoeannm
769 981 826 1044 per
836 954 953 1020 multo-

110 1143 112 1148 Ι
138 1083 152 1128 7
194 1070 293 1147 gente
308 1061 406 1144 milia,
428 1065 567 1128 maxime
584 1064 662 1129 dum
677 1063 758 1128 aliae
774 1069 889 1149 gentes
902 1083 953 1125 re-

139 1185 154 1230 8
193 1165 301 1230 iacent
309 1189 368 1251 per
377 1167 511 1254 longum
522 1169 600 1235 litus
610 1167 734 1249 Oceani
745 1165 951 1252 amplissime,

139 1289 154 1334 a
193 1268 274 1334 aliae
286 1293 363 1336 vero
374 1272 516 1338 reiaeent
523 1295 562 1337 ex
575 1282 770 1353 transverso,
783 1269 864 1336 aliae
878 1291 952 1354 pro-

121 1397 154 1441 ιο
192 1397 245 1459 pe,
267 1374 349 1438 aliae
364 1374 459 1463 longe
482 1364 522 1442 ab
539 1375 673 1442 Oceano
688 1375 866 1442 residentes
881 1382 953 1438 tan-
974 1411 979 1423 ·

121 1501 153 1546 11
191 1477 359 1544 tummodo
369 1502 557 1546 mueronem
570 1505 665 1546 suum
678 1477 834 1564 usquead
846 1475 953 1543 Ooea-

121 1605 154 1650 12
192 1605 271 1646 num
282 1593 479 1671 expergunt:
500 1585 542 1657 ad
561 1583 803 1670 quem-Christo
821 1581 952 1646 iuvante

121 1712 153 1756 1³
191 1685 424 1773 respondemus
433 1689 627 1773 quieveram
635 1699 695 1772 est,
708 1686 951 1766 sedreoordare‚

121 1815 155 1860 14
192 1811 212 1852 o
235 1791 349 1873 amice,
372 1791 462 1874 quod
484 1791 703 1878 praediximus
719 1792 760 1857 de
775 1791 951 1856 mutatione
1053 1848 1055 1852 .

122 1921 153 1964 ιε,
192 1894 338 1980 gentium
360 1895 434 1978 sibi,
458 1896 545 1980 quod
566 1893 653 1984 pene
673 1906 739 1962 tres
757 1897 853 1962 horas
870 1894 953 1958 deti-

120 2022 154 2067 16
192 2006 260 2079 net,
282 1998 446 2066 etiterum
461 2001 605 2066 invenies
621 2023 709 2066 nune
723 2010 790 2065 tres
804 1999 857 2064 vel
873 2021 952 2082 qua-

120 2131 153 2174 17
190 2111 266 2165 tuor
289 2111 402 2187 gentes
425 2126 503 2188 prae
526 2114 615 2170 metu
638 2105 772 2170 alierum
795 2105 829 2169 in
850 2127 952 2169 unum

121 2233 154 2278 18
192 2214 370 2288 coartatas,
399 2229 481 2290 qnae
504 2231 609 2293 neque
631 2210 727 2274 unius
757 2209 855 2274 horae
878 2229 952 2293 spa-

121 2336 154 2381 19
190 2311 274 2375 tium
297 2307 459 2390 detinent3
483 2312 653 2378 undenos
676 2314 777 2378 itaet
800 2312 879 2378 alias
894 2311 952 2375 de-

119 2443 154 2488 20
191 2415 371 2497 cernimus,
399 2425 552 2499 tanquam
587 2418 621 2481 in
643 2417 842 2501 Aethiopum
872 2438 951 2502 geu-

119 2545 153 2590 m
190 2529 259 2584 tem
282 2519 465 2603 aliquantae
488 2521 585 2586 horae
602 2527 793 2606 supputatae
808 2529 895 2601 sunt,
918 2529 950 2583 et

118 2649 153 2694 aa
191 2624 328 2688 aliarum
362 2625 507 2711 gentium
541 2625 695 2708 liquidius
735 2623 949 2689 habitationes

196 2771 206 2812 l
237 2771 323 2812 ventos
346 2781 390 2813 sex
413 2765 493 2827 (corr.
514 2765 562 2830 ex)
588 2768 643 2813 inde
661 2768 695 2824 B,
724 2767 790 2813 uenti
814 2767 901 2814 exinde
920 2767 948 2824 A,

190 2838 260 2883 venti
272 2852 317 2883 sex
335 2838 423 2884 exinde
441 2839 506 2886 editi.
527 2837 560 2898 cs.
581 2840 614 2883 10
634 2839 659 2883 1.
678 2839 687 2882 ii
709 2839 807 2884 adstans
819 2841 848 2884 A.
891 2840 906 2884 2
926 2843 951 2884 et

191 2923 238 2954 om.
261 2908 326 2954 editi.
351 2908 361 2954 ii
389 2909 505 2967 qualiterl
535 2907 661 2968 qualisque
687 2913 721 2966 A,
751 2907 900 2968 qualiterque
919 2910 949 2955 B.

192 2980 362 3038 3subputatti
371 2970 407 3028 Β(
457 2981 570 3038 dipsius
584 2979 676 3027 Oceani
694 2979 758 3026 editi.
831 2982 845 3026 9
873 2987 950 3026 trans·

190 3065 263 3097 uersu
289 3051 319 3096 Α.
393 3051 423 3098 12
453 3057 525 3110 atque
552 3052 582 3097 B.
657 3053 689 3097 14
717 3052 892 3109 praediximus}
916 3048 949 3107 cf.

191 3123 272 3168 318.
346 3123 376 3168 17
404 3127 474 3182 prael
499 3115 543 3184 qino
566 3123 595 3168 Β.
652 3124 684 3168 19
710 3122 830 3168 uobisita
848 3127 872 3169 et
889 3120 949 3168 aliae

191 3193 257 3239 editi.
277 3193 287 3238 ΙΙ
322 3194 481 3240 decernuntur
498 3194 542 3240 AB
559 3193 624 3240 editi.
734 3194 766 3239 20
795 3199 869 3252 genta
883 3191 949 3236 editi.

192 3265 226 3310 22
254 3263 357 3312 aliorum
375 3267 403 3310 A.
