2376 3904
71 345 95 392 V
114 345 152 392 29
849 339 904 395 419

92 517 103 559 1
183 487 236 556 29.
282 487 355 553 Nos
385 496 492 553 autem
519 487 660 554 diximus
682 489 783 554 finem
804 490 905 556 totius

91 617 107 663 a
149 592 237 657 orbis
258 601 364 656 terrae
387 592 530 677 exeeptis
552 592 665 658 insulis
681 615 765 677 quae
779 616 905 679 ponun-

92 722 108 767 ε
149 707 204 760 tur
224 718 283 781 per
306 694 449 760 diversas
478 703 587 780 partes
609 696 643 761 in
667 694 801 762 Oceano
825 696 906 762 dila-

93 825 109 870 4
149 799 286 880 tissime,
310 821 349 862 ex
372 797 489 881 quibus
512 797 692 883 aliquantas
710 797 835 865 Oceani
856 801 906 866 in·

93 928 108 972 s
151 903 238 968 sulas
267 902 330 967 iam
361 925 459 987 supra
486 903 734 982 nominavimus3
764 902 823 969 sed
852 927 906 970 eas

94 1030 109 1074 s
151 1009 340 1072 reiterantes
356 1014 388 1070 et
403 1005 542 1090 reliquas
560 1028 640 1090 quas
657 1004 794 1092 legimus
812 1005 906 1072 Chri·

96 1134 110 1178 7
151 1121 204 1176 sto
219 1109 349 1174 domino
370 1107 554 1192 adiuvante,
575 1119 613 1174 ut
628 1108 750 1174 dietum
766 1121 826 1192 est,
849 1110 905 1176 de-

95 1237 111 1282 s
151 1215 280 1301 signare
303 1213 459 1299 cupimus.

96 1341 111 1386 e
197 1317 238 1384 In
260 1314 393 1384 Oceano
422 1339 498 1381 vero
523 1314 637 1382 Indiae
659 1315 905 1384 Thermantisae

81 1444 113 1488 ιο
151 1421 315 1502 masmine,
342 1419 376 1484 id
404 1429 454 1485 est
475 1420 538 1484 hae
560 1429 704 1484 extrema
725 1429 816 1504 pane
839 1445 905 1486 me-

80 1548 111 1592 11
150 1523 288 1607 ridiana,
310 1532 386 1589 sunt
408 1521 553 1588 diversae
576 1522 710 1604 insulae,
733 1524 905 1609 exquibus

84 1650 113 1695 ia
151 1629 333 1713 aliquantas
356 1627 526 1713 designare
548 1627 707 1708 volumus,
732 1627 767 1692 id
790 1637 840 1694 est

80 1758 112 1803 13
303 1730 420 1816 Ypode

81 1861 114 1905 14
303 1833 463 1900 Iamnesia

81 1965 113 2009 15
304 1937 495 2004 Silefeniina

83 2069 114 2113 ιε
304 2041 433 2107 Theron

83 2170 113 2215 17
304 2146 421 2231 Argire

155 2411 167 2454 1
197 2409 290 2464 antem}
314 2413 369 2452 ante
392 2406 457 2452 editi.
493 2406 503 2452 ΙΙ
537 2407 615 2454 tocius
637 2406 686 2454 ΒΟ.
763 2409 777 2453 2
806 2407 902 2465 insulis!

151 2478 237 2526 multis
254 2478 319 2523 editi.
411 2479 425 2522 6
449 2477 606 2524 rediterantes
635 2477 659 2525 O.
750 2481 764 2526 Β
789 2485 845 2537 poet
863 2494 893 2526 eu

151 2551 232 2610 pimus
257 2547 276 2595 O
296 2548 352 2593 add.
381 2549 410 2594 de
433 2548 533 2594 diversis
556 2548 641 2594 insulis
663 2549 689 2594 in
712 2563 816 2596 occeano
839 2551 904 2596 indie

149 2619 310 2669 thermantice
328 2617 427 2665 elamiee
444 2619 470 2664 in
487 2624 595 2665 extrema
610 2620 656 2665 hae
668 2621 800 2667 meridiana
811 2622 904 2680 positis.

152 2694 169 2739 9
196 2691 337 2738 thermatice
361 2688 384 2746 0,
412 2689 577 2736 Termanticae
595 2689 660 2736 editi.
728 2694 758 2737 10
787 2692 905 2739 Elamitae

150 2763 218 2810 editi.
245 2761 255 2807 ΙΙ
280 2762 306 2807 id
324 2763 372 2817 estl
391 2767 428 2808 est
445 2761 471 2806 id
489 2767 526 2807 est
543 2760 623 2808 insula
640 2761 684 2806 AB
702 2761 765 2809 editi.
798 2763 807 2809 ΙΙ
837 2767 904 2822 parte

150 2830 253 2882 omnic,
301 2833 332 2878 10
354 2834 384 2877 11
405 2835 512 2877 extrema
521 2833 653 2879 meridiana
661 2833 707 2878 hac
721 2831 744 2880 0.
793 2836 823 2881 13
843 2833 905 2892 Hip-

150 2906 228 2966 podes
246 2903 353 2959 Jordan„
380 2903 540 2961 Hippopodas
557 2902 666 2950 Ethieus.
727 2906 759 2950 14
786 2905 905 2950 Iamnesin

150 2979 223 3022 etiam
240 2973 339 3020 Jordan.
395 2975 426 3019 15
454 2973 575 3021 silefantia
595 2972 623 3031 0,
652 2973 772 3021 silefentia
790 2975 813 3020 B
835 2975 904 3030 editi5

151 3045 312 3094 silestantina
326 3044 397 3102 (urba
413 3044 578 3102 Taprobane)
591 3044 697 3103 Iordaai,
717 3044 904 3105 Sylephantinae

148 3117 253 3172 Είὴίεος
280 3131 312 3161 aa
329 3114 408 3162 insula
426 3113 580 3174 Elephanta?
648 3117 679 3161 16
707 3115 797 3162 Theros
815 3115 903 3171 Echio„

149 3189 259 3236 Etheron
277 3187 358 3232 urbem
371 3186 520 3246 Taprobane
537 3187 607 3234 habet
618 3187 741 3233 Iordanes.
799 3189 828 3232 17
848 3180 905 3251 Ἀρ-

149 3259 218 3328 yves}
236 3253 402 3326 μητρόπολις
418 3250 552 3323 Ἰαβαὸἰου
570 3257 643 3321 Pae,
674 3250 788 3322 Ἀργυρᾶ
806 3251 906 3323 μητρό-

148 3327 229 3384 πολις
251 3325 434 3400 Ταπροβοίνης
452 3328 533 3388 saepe.

707 3410 753 3452 27·
