2358 3906
233 281 286 336 ἢ
967 283 1010 328 1v
1033 286 1080 331 36

256 453 267 495 1
308 477 446 491 .....
480 451 554 494 cum
594 427 754 494 territorio
788 427 927 492 civitatis
964 451 1086 511 quam

254 555 268 598 a
306 531 522 617 praediximus
538 531 772 618 Sinogaliense,
793 532 883 596 iuxta
896 554 993 594 mare
1010 555 1087 616 po-

253 657 269 700 a
305 638 403 701 situm
426 635 512 719 quod
529 636 647 700 dicitur
663 633 776 698 lonico
791 633 877 717 quod
891 645 924 698 et
940 635 1085 700 Adria-

253 761 269 802 ι
305 741 381 804 tieo.

254 863 268 907 ι
350 844 414 908 Per
436 867 532 927 quam
555 841 787 906 nobilissimam
805 841 932 906 Italiam
953 850 1083 908 trans-

253 969 268 1012 s
306 959 383 1012 eunt
414 948 551 1033 plurima
572 944 719 1010 flumina:
749 945 808 1009 sed
835 946 979 1009 omnium
1006 945 1083 1010 flu-

255 1071 268 1115 7
307 1053 429 1116 minum
450 1049 612 1135 praefatae
634 1048 747 1112 Italiae
772 1049 963 1133 praecipuus
993 1071 1079 1114 esse

253 1175 268 1218 a
305 1154 433 1219 videtur
466 1153 582 1216 fluvius
617 1153 672 1235 qui
705 1150 824 1216 dieitur
848 1151 968 1216 Padus.
1036 1157 1079 1218 in

253 1275 268 1319 a
305 1282 400 1342 quem
434 1256 561 1321 Padum
594 1253 820 1341 ingrediuntur
859 1254 901 1320 ad
934 1267 1078 1340 partem

238 1377 268 1420 10
306 1363 398 1446 quasi
421 1360 703 1447 septentrionalem
724 1358 874 1440 flumina⁷
895 1359 930 1423 id
953 1370 1011 1424 est

237 1482 267 1526 11
454 1465 560 1530 Duria

238 1587 268 1630 12
454 1566 552 1634 Stura

237 1691 268 1734 ιι
457 1669 547 1757 Orgo

237 1795 268 1837 11
456 1777 616 1840 Amalune

237 1901 267 1944 15
456 1880 560 1944 Duria
580 1880 717 1946 Bautica

237 2005 267 2047 16
455 1983 564 2049 Sisido

236 2111 267 2154 ιι
456 2088 588 2173 Agimia

308 2279 319 2321 1
341 2290 395 2320 eum
414 2291 458 2320 um.
472 2276 516 2320 AB
534 2276 599 2322 editt.
627 2277 636 2322 ΙΙ
662 2277 807 2324 territorium
820 2277 869 2323 AB.
898 2277 908 2322 ll
934 2280 1063 2337 praedixi-

305 2361 358 2392 mus
381 2360 425 2390 om.
445 2347 467 2392 B
489 2347 584 2403 Porci„
610 2346 643 2408 af.
659 2348 710 2394 258
729 2349 772 2394 12.
846 2345 1061 2407 senegaliensis

306 2414 370 2472 ΟΜ,
383 2416 562 2476 senegalliensis
576 2415 612 2464 Gs.
640 2421 649 2463 ΙΙ
674 2420 752 2478 posite
764 2419 791 2464 G.
841 2419 1018 2477 3qmdicit1n
1030 2423 1058 2467 A.

305 2489 320 2534 4
336 2494 393 2545 post
401 2488 526 2534 Adriatico
541 2487 625 2535 Gudd.
639 2491 668 2535 de
681 2490 820 2536 fluminibus
831 2489 914 2549 ytalie.
964 2491 976 2536 5
999 2506 1059 2550 quae

303 2565 432 2617 aequantur
443 2575 491 2604 aaa
503 2560 573 2606 labet
586 2560 670 2606 Gaido.
697 2561 708 2606 ΙΙ
734 2563 818 2620 quam]
831 2562 908 2620 ipsam
921 2575 1018 2619 quoque
1032 2561 1056 2609 0.

306 2631 607 2676 78videtnresseediti.
646 2633 860 2689 Squemlquotl.
897 2632 1057 2690 apamia.
1174 2669 1175 2729 1

307 2701 336 2744 11
357 2700 444 2757 Duria}
464 2701 530 2748 Dora
541 2701 641 2760 Riparia
657 2704 705 2748 aiae
723 2703 798 2748 Duria
809 2703 888 2748 minor
905 2701 969 2748 aliis.
1006 2719 1056 2750 cam

304 2770 393 2816 duobus
414 2772 560 2831 aequantibus
587 2774 729 2832 cuaiuayaut
750 2772 814 2820 ABG
838 2775 872 2818 ita
899 2774 1055 2822 duriastrura-

304 2856 363 2900 orgo
383 2845 410 2898 A,
440 2844 634 2902 duriasturaorgo
652 2842 700 2890 Bc.
769 2845 799 2888 11
829 2843 913 2900 Stura]
934 2846 969 2890 sic
987 2849 1055 2892 etiam

304 2911 376 2969 Plu„
390 2915 514 2958 etiamnum
527 2913 610 2970 Stura;
623 2919 701 2960 strura
712 2915 741 2959 Α.
798 2917 828 2960 13
849 2914 927 2973 Orgol
944 2915 968 2960 fl.
982 2915 1053 2964 Orsua

308 2981 372 3040 Tab„
401 2983 469 3030 ledia
492 2984 563 3030 Orco.
648 2987 678 3030 ll
706 2985 836 3042 Amalune}
862 2985 930 3030 lodie
952 2985 1053 3034 Malene.

307 3055 337 3100 15
367 3055 442 3100 Duria
460 3055 562 3101 Bautica
578 3056 643 3112 editi,
664 3057 819 3104 derabautica
836 3058 865 3112 A,
887 3056 955 3102 Dora
972 3055 1054 3106 Baltea

303 3127 351 3171 aive
368 3125 444 3170 Duria
462 3125 539 3172 maior
561 3125 612 3172 alti.
682 3128 712 3172 16
741 3126 834 3182 Siaidol
860 3125 963 3174 Sessites
984 3128 1051 3189 Plu„

304 3196 372 3242 lodie
391 3194 466 3242 Seaia.
541 3199 571 3241 17
599 3196 708 3256 Agunia}
732 3198 756 3242 fl.
775 3197 882 3244 Novaria
903 3197 969 3255 Tub„
995 3215 1051 3248 amc

304 3267 406 3326 Agogna
422 3279 499 3324 prope
517 3267 655 3314 Novariam.
