2378 3902
72 325 181 372 Ivea

97 495 114 538 1
346 463 517 549 Oronatis,
539 469 617 532 item

98 599 117 644 2
345 570 441 636 Albia

100 705 119 749 3
343 673 493 739 Polenfia

101 809 121 852 4
344 776 529 842 Pollentino

105 907 123 954 5
344 880 507 968 Agodano

108 1013 126 1057 6
344 984 474 1050 Armesi

110 1107 127 1150 ‘1
343 1088 464 1154 Diovia

111 1213 131 1257 a
344 1188 471 1278 Capris·

112 1315 131 1360 a
235 1294 320 1359 Item
347 1294 390 1359 ad
418 1297 514 1362 aliam
541 1307 666 1383 partem
687 1297 801 1366 Italiae
828 1311 879 1368 est
901 1303 946 1368 ci·

95 1419 133 1465 ιο
177 1399 275 1466 vitas
297 1421 379 1483 quae
401 1398 521 1465 dicitur

96 1526 134 1569 11
341 1502 496 1586 Lavarie,
527 1527 608 1589 qnae
639 1507 805 1573 confinalis
834 1510 945 1576 existit

98 1626 138 1671 12
181 1604 376 1694 praedictae
392 1608 532 1674 civitatis
547 1611 726 1678 maritimae
742 1633 838 1695 quam
852 1623 945 1698 pr'ac-

101 1733 140 1778 13
184 1710 334 1777 diximus
357 1708 483 1776 Genua.
581 1723 589 1739 “

102 1835 144 1881 14
234 1815 320 1882 Item
342 1824 392 1881 est
414 1816 582 1883 confinalis
603 1817 789 1902 praedictae
804 1820 943 1886 civitatis

105 1937 146 1983 15
185 1919 348 1986 Levarnis
371 1919 485 1984 civitas
508 1942 591 2004 quae
613 1919 733 1987 dicitur

108 2042 148 2088 16
342 2023 501 2105 Dertona,
522 2024 601 2089 item
623 2024 736 2090 civitas

111 2145 149 2190 17
341 2125 510 2192 Placentia
661 2113 663 2118 ⁵

113 2251 149 2296 ιε
339 2229 538 2297 Florentiola

193 2397 205 2440 1
226 2394 357 2451 Orcriatis]
380 2394 490 2442 morietis
510 2391 547 2441 ΘΓ.
602 2396 617 2440 2
638 2395 721 2452 Albia]
745 2394 810 2443 Alba
827 2395 943 2456 Pompeia

192 2465 250 2511 Tac.
262 2471 289 2511 at
300 2465 401 2511 videno.
456 2467 471 2512 3
490 2465 601 2513 Polentia
618 2468 688 2512 ctiam
703 2466 768 2524 raa,
787 2467 898 2527 polenoia
918 2467 942 2515 0.

190 2538 205 2582 6
229 2536 358 2582 armenum
378 2536 405 2582 G.
463 2538 476 2581 7
497 2537 579 2582 dionia
598 2534 635 2582 Gt.
689 2538 703 2582 8
723 2535 821 2597 Capria]
842 2537 942 2599 Caprae,

188 2607 230 2653 abi
241 2607 374 2665 Ρνοσορὶω
392 2612 415 2652 ct
432 2607 548 2654 loa-donea
564 2607 664 2654 Tottlam
681 2607 765 2654 obii-saa
782 2617 894 2668 nonant,
913 2610 943 2657 ab

189 2677 226 2724 lis
238 2677 475 2724 diveraaeoidentw.
530 2680 595 2725 9ad
612 2693 657 2724 om.
670 2679 714 2723 AB
733 2678 797 2726 editi.
846 2681 877 2727 11
897 2680 943 2727 Le·

188 2761 279 2794 varnac
298 2748 363 2805 editi,
381 2746 494 2795 lcvarmis
514 2747 561 2807 0⁶¹,
580 2748 693 2796 levarinis
713 2747 748 2807 Gt,
767 2749 879 2798 levamus
898 2751 942 2810 θ’,

188 2819 323 2866 Libat-num
339 2819 403 2876 ch„
430 2819 555 2866 Libarinm
573 2820 766 2876 Ant.,tLibarna
783 2821 847 2868 Plio.
865 2821 943 2878 Ptol.,·

188 2903 336 2943 monocrac
358 2889 393 2936 15
421 2890 545 2936 Levamia.
627 2893 658 2937 12
687 2891 781 2938 civitati
809 2891 853 2939 BC
877 2893 941 2939 editi.

188 2961 198 3007 ΙΙ
210 2961 333 3007 maritima
351 2961 381 3008 B.
422 2961 433 3007 ll
475 2962 653 3020 praediximus]
681 2962 776 3009 2701.
850 2965 882 3010 14
910 2963 943 3008 ci·

188 3032 261 3078 vitati
282 3029 306 3078 0.
334 3031 344 3077 t
365 3038 423 3091 poet
441 3032 547 3078 civitatis
564 3033 585 3078 A
603 3033 660 3080 add.
678 3034 805 3080 maritime.
856 3035 886 3080 15
907 3033 942 3080 la-

188 3103 270 3148 vamic
291 3101 314 3159 0,
340 3102 453 3150 let-armis
472 3099 508 3148 Gf.
574 3105 605 3149 16
633 3103 740 3151 Dertona
758 3107 828 3151 etiam
846 3106 902 3150 Ant.
921 3111 943 3150 et

192 3173 249 3220 Tac.
306 3174 337 3219 17
357 3173 481 3220 Placentia
499 3175 569 3220 etiam
582 3177 637 3221 Ant.
657 3181 679 3220 et
695 3176 750 3221 Tob.
808 3176 838 3221 18
858 3175 943 3220 floren-

188 3243 253 3290 ciola
270 3241 348 3301 ACGI,
367 3244 489 3292 Florentia
506 3246 561 3291 Ant.
581 3252 603 3291 et
619 3246 688 3302 Tah.‚·
705 3261 766 3292 nnnc
784 3244 940 3292 Florenzuola

187 3315 288 3362 ducatos
305 3316 449 3363 Parmensis.
