2410 3904
317 453 329 496 1
518 429 600 494 Laia

316 557 330 602 2
517 533 690 619 Liponissc
764 567 765 572 ¹

316 658 330 703 s
518 637 626 702 Tilida

315 764 331 809 4
518 740 643 807 Sanora

317 865 330 911 t
518 846 674 932 Tegamia

317 971 331 1014 e
519 949 670 1015 Gravete.

317 1078 331 1122 7
411 1055 476 1120 Per
486 1078 583 1140 quam
594 1054 793 1140 Hyrcaniam
803 1055 940 1141 plurima
953 1065 1124 1125 transeunt

317 1183 332 1227 e
368 1158 509 1240 flumina,
531 1160 616 1222 inter
638 1166 745 1222 cetera
767 1179 848 1240 quae
872 1157 1022 1225 dicuntur

317 1290 331 1332 9
518 1261 650 1327 Iarartis

261 1419 263 1424 .
301 1391 332 1436 10
520 1365 612 1431 Oxus

301 1498 330 1541 11
392 1499 393 1504 ¹
519 1470 637 1534 Austia

301 1600 331 1645 12
518 1574 676 1661 Nigrinus

281 1708 332 1752 ‘13
519 1677 658 1742 Maritus

301 1811 333 1855 14
519 1779 629 1847 Sicris.

301 1915 332 1960 15
407 1887 445 1951 In
459 1909 522 1970 qua
533 1885 710 1971 Hyrcania,
725 1895 761 1949 ut
773 1885 924 1968 diximus,
934 1910 974 1952 ex
987 1886 1120 1955 Oceano

301 2020 332 2065 16
371 1988 524 2076 Caspium
557 2011 699 2053 summae
732 1990 990 2074 septentrionalis
1019 1995 1119 2080 partis

301 2123 331 2167 17
367 2093 531 2179 pertinens
554 2091 711 2156 maximus
726 2093 816 2158 sinus
831 2093 1005 2179 Hyrcanus
1023 2098 1120 2162 ascri-

301 2226 332 2270 18
369 2196 465 2261 bitur.

301 2330 331 2374 19
400 2297 432 2367 9.
477 2298 561 2364 Item
584 2323 648 2364 non
670 2301 766 2388 longe
795 2300 836 2365 ab
859 2301 930 2387 ipsa
952 2302 1120 2388 Hyrcania

300 2432 332 2477 20
368 2405 498 2490 ponitur
518 2405 624 2489 patria
645 2427 725 2488 quae
749 2403 867 2480 dicitur
881 2404 994 2470 Media
1008 2407 1119 2486 maior,

300 2534 329 2578 21
369 2531 450 2592 quae
473 2506 571 2572 habet
591 2508 790 2592 provincias,
813 2507 847 2572 id
870 2519 919 2573 cst

300 2636 332 2681 22
520 2610 625 2677 Gelon

371 2770 382 2812 1
403 2766 473 2812 lela
494 2767 550 2813 Ταῦ.
605 2768 619 2811 3
643 2765 731 2822 Tilidal
751 2765 850 2811 Philado
874 2767 941 2812 rats
989 2770 1004 2813 4
1028 2767 1119 2814 Sanora

368 2838 438 2882 etiam
454 2837 508 2882 Tab.
564 2839 578 2882 9
606 2837 711 2893 Iarartisl
731 2837 747 2881 i.
760 2850 779 2882 c.
798 2836 914 2884 Iaxartes.
975 2841 1005 2884 11
1034 2839 1120 2886 Anstis

369 2908 433 2965 editi,
451 2907 533 2954 Actias
550 2909 577 2953 11
594 2909 641 2963 12,·
658 2900 822 2972 Ἅσθιανηνὴ
839 2911 905 2969 regio
923 2910 1048 2956 Armeniae
1060 2910 1119 2956 Pro·

370 2993 420 3037 cop.
438 2978 467 3023 ds
482 2977 556 3039 cedis.
612 2979 644 3024 12
666 2977 781 3038 Nigrinus
800 2981 870 3024 ctiam
892 2979 962 3035 Tan·
980 2978 1013 3040 cs.
1034 2980 1061 3026 11
1078 2982 1118 3026 12.

372 3051 402 3096 13
425 3050 523 3096 meritus
541 3050 563 3094 B
581 3050 644 3106 editi,
663 3048 757 3095 Manen
769 3050 795 3094 11
812 3051 854 3096 12.
902 3053 934 3098 14
953 3049 1030 3110 Sigeis
1052 3051 1119 3108 Tac„-

369 3118 404 3180 cf.
412 3120 439 3165 11
456 3121 497 3165 12.
548 3122 578 3166 16
602 3133 668 3167 sume
681 3121 709 3175 A,
728 3133 819 3166 summe
831 3121 853 3166 B
866 3121 929 3167 editi.
948 3121 959 3166 ΙΙ
978 3123 1119 3181 septentrio·

368 3190 435 3238 nales
443 3191 551 3250 partibus
560 3192 603 3237 AB
613 3191 676 3236 editi.
715 3192 746 3236 17
766 3191 910 3238 adscribitur
918 3191 982 3238 cciiii.
1019 3193 1052 3238 22
1073 3192 1118 3238 Ge-

369 3261 515 3318 lcnlvGelae
534 3261 597 3307 Piis.
616 3260 687 3318 Prot,
708 3256 794 3324 Γηλοί
809 3263 906 3322 Dionys.
