2376 3904
80 331 101 378 V
123 333 156 379 16
860 325 911 380 387

99 499 111 544 1
153 473 292 560 impleta
320 481 379 552 est3
409 474 514 558 portio
541 471 690 558 equidem
712 471 816 540 Cham
844 484 911 540 tam

98 601 113 647 a
153 578 348 666 longissima
370 578 540 659 evenisset,
563 598 645 661 quae
666 600 748 662 pene
771 579 911 663 quinque

99 707 113 752 a
153 684 192 747 in
216 704 251 748 se
275 679 413 766 accipiat
435 681 530 746 horas
548 679 628 760 diei3
653 689 685 745 et
698 681 831 768 Europa
844 691 911 748 tam

97 810 114 855 4
155 784 426 871 diulongissima
448 783 697 867 demonstratur,
727 807 809 870 quae
833 808 911 870 qua-

99 912 113 957 5
152 898 231 954 tuor
253 887 349 952 horas
365 886 431 951 diei
447 887 566 973 accipit
581 896 614 952 et
627 887 780 973 plurimas
795 891 910 956 noetis.

99 1017 114 1063 s
147 991 200 1058 'ad
222 989 313 1076 quod
336 989 508 1056 dicendum
536 1001 586 1057 est
613 992 688 1075 quia
710 992 795 1057 sieut
815 993 912 1079 pleri·

100 1123 114 1166 7
155 1118 219 1180 que
244 1095 349 1162 saneti
371 1103 490 1178 patres,
512 1095 597 1160 inter
619 1118 700 1181 quos
722 1097 784 1162 fuit
799 1095 909 1162 dicens

100 1226 115 1271 s
153 1198 360 1286 Epiphanius
384 1205 434 1260 ter
455 1196 660 1264 beatissimus
684 1197 784 1286 Cypri
807 1199 911 1264 archi-

100 1329 115 1374 ι
154 1300 386 1388 episcopusin
409 1323 467 1365 suo
491 1302 628 1387 eloquio,
651 1302 739 1387 qnod
761 1304 910 1388 aequales

84 1435 116 1481 10
153 1405 321 1491 portiones
337 1403 396 1468 filii
410 1402 485 1469 Noe
501 1416 706 1490 aeceperunt,
720 1406 755 1472 id
771 1417 820 1474 est
834 1405 911 1473 Sem

86 1537 115 1581 ιι
154 1509 272 1574 Asiam
295 1528 369 1572 eum
392 1507 458 1573 suis
485 1507 610 1591 insulis,
640 1507 742 1576 Cham
764 1510 911 1576 Africam

86 1641 116 1686 ιι
155 1612 255 1702 simili
278 1610 392 1693 modo,
420 1609 536 1697 Iaphet
557 1635 634 1677 vero
655 1613 819 1700 Europam
841 1615 911 1699 pari

86 1745 116 1790 ιι
156 1717 238 1780 viee.
286 1714 344 1779 sed
367 1713 444 1780 dum
471 1716 542 1801 ipsa
563 1715 645 1780 Asia
666 1717 761 1791 nimis
783 1717 817 1781 in
838 1716 911 1780 lati·

87 1847 117 1892 ιι
154 1818 314 1898 tudinem,
336 1815 370 1881 id
394 1827 444 1882 est
467 1841 486 1882 a
508 1819 588 1883 mari
610 1843 729 1906 magno
752 1820 909 1904 usquein

86 1955 116 2000 15
155 1920 326 1990 Oceanum
349 1920 544 2004 extenditur,
565 1921 639 1987 ideo
660 1924 694 1987 in
717 1946 755 1988 ea
769 1932 909 1988 tantum-

88 2058 117 2103 ιι
154 2023 251 2090 modo
281 2033 346 2090 tres
376 2026 469 2110 quasi
496 2025 594 2090 horae
623 2024 687 2090 diei
716 2035 908 2112 supputatae

86 2161 117 2205 ιτ
155 2137 241 2211 sunt,
265 2129 345 2193 aliae
368 2152 408 2194 ex
430 2137 521 2214 parte
543 2129 640 2195 horae
663 2131 767 2196 noetis
789 2131 909 2218 inipsa

156 2320 170 2364 l
192 2318 276 2379 percio
294 2317 343 2366 ΒΟ.
371 2319 381 2365 ΙΙ
407 2319 531 2378 equidem]
550 2319 683 2379 etquidem
696 2319 744 2368 Aa.
799 2319 906 2378 iquae}

153 2390 221 2450 quod
240 2387 264 2439 G.
354 2390 369 2435 8
397 2391 502 2450 accipiet
519 2389 584 2436 editi.
621 2389 631 2437 ΙΙ
660 2396 718 2449 poet
736 2391 784 2438 diei
801 2389 823 2435 A
840 2390 909 2436 addit

153 2461 249 2520 aceepit
271 2465 296 2507 et
313 2459 429 2520 plurimas
451 2462 537 2508 noetis.
571 2461 602 2508 ad
625 2462 691 2520 quod
713 2461 906 2539 dicendumvest,

153 2545 214 2592 quae
231 2545 286 2577 mae
303 2538 439 2578 recurrunt.
495 2533 511 2578 4
539 2533 613 2592 quaa]
633 2532 699 2590 quod
719 2531 743 2578 0.
817 2532 830 2578 5
859 2532 907 2578 diei

150 2603 225 2650 horas
254 2599 278 2649 0.
324 2602 334 2648 ΙΙ
377 2603 471 2662 aceepit
497 2600 547 2648 ΒΟ.
593 2601 603 2649 ΙΙ
646 2607 671 2648 et
692 2602 808 2662 plurimas
829 2603 907 2649 noetis

154 2687 199 2720 om.
220 2671 245 2719 0.
272 2672 282 2718 ΙΙ
309 2674 389 2731 quod]
409 2687 469 2733 quos
488 2674 510 2719 B
528 2673 593 2720 editi.
653 2675 667 2719 7
694 2674 742 2721 fuit
760 2674 852 2730 dicens]
872 2674 908 2719 di·

153 2744 257 2792 cendum
275 2744 319 2790 AB
338 2745 402 2791 editi.
458 2746 472 2791 8
501 2750 556 2790 ante
573 2743 725 2804 Epiphanius
743 2745 800 2791 editi
817 2743 907 2790 addunt

152 2821 198 2862 est.
226 2814 236 2861 ΙΙ
262 2815 396 2874 epiphanus
414 2815 444 2874 B,
470 2813 666 2876 epyphanius&
694 2814 705 2862 ΙΙ
729 2818 777 2872 ter]
800 2820 858 2861 tune
875 2815 906 2872 B,

152 2892 206 2934 tum
224 2885 290 2932 editi.
318 2885 328 2932 ΙΙ
354 2887 414 2946 cipri
431 2888 461 2934 B.
535 2889 549 2934 9
573 2893 632 2946 poet
648 2899 692 2934 suo
714 2887 759 2932 AB
777 2886 834 2932 editi
852 2885 907 2931 add.

152 2959 196 3004 sit.
224 2956 234 3004 ΙΙ
260 2955 369 3016 eloquio]
393 2958 422 3004 de
445 2964 512 3004 terra
534 2959 597 3006 inter
607 2956 677 3017 filios
694 2957 762 3003 Noae
780 2956 910 3004 distributa

150 3026 304 3088 Eppium
327 3030 378 3089 agit
395 3029 510 3076 Amarae.
533 3043 553 3074 e.
564 3028 695 3075 114-116
714 3027 831 3087 (Opertae
851 3033 867 3073 t.
882 3027 905 3072 2.

146 3115 175 3159 p.
186 3099 319 3145 116-118
336 3100 443 3156 Perea).
492 3101 525 3146 12
544 3101 652 3161 iamphet
671 3098 695 3146 (J.
751 3099 782 3144 12
804 3098 834 3144 te
854 3098 906 3156 peri

150 3172 219 3227 viee]
237 3171 345 3230 pariuiee
363 3172 394 3229 B,
420 3172 510 3231 pariter
528 3171 593 3218 editi.
658 3171 688 3217 18
716 3168 845 3216 latitudine
862 3168 907 3213 AB

151 3241 218 3288 editi.
274 3242 306 3289 14
326 3245 352 3300 a]
371 3244 403 3289 ad
420 3243 442 3288 B
461 3243 525 3290 editi.
552 3243 562 3290 ii
587 3256 651 3290 mare
663 3253 751 3300 magne
769 3239 821 3298 AB,
841 3252 905 3284 mare

150 3326 267 3372 magnum
285 3314 349 3360 editi.

704 3379 755 3434 ae*
