<?xml version="1.0" encoding="UTF-8"?>
<!DOCTYPE html PUBLIC "-//W3C//DTD XHTML 1.0 Transitional//EN"
    "http://www.w3.org/TR/xhtml1/DTD/xhtml1-transitional.dtd">
<html xmlns="http://www.w3.org/1999/xhtml" xml:lang="en" lang="en">
 <head>
  <title>
</title>
<meta http-equiv="Content-Type" content="text/html;charset=utf-8" />
  <meta name='ocr-system' content='tesseract 3.04.00' />
  <meta name='ocr-capabilities' content='ocr_page ocr_carea ocr_par ocr_line ocrx_word'/>
</head>
<body>
  <div class='ocr_page' id='page_1' title='image "./ravennatisanony01ravegoog_0492.png"; bbox 0 0 2404 3896; ppageno 0'>
   <div class='ocr_carea' id='block_1_1' title="bbox 117 477 929 2846">
    <p class='ocr_par' dir='ltr' id='par_1_1' title="bbox 117 477 929 2846">
     <span class='ocr_line' id='line_1_1' title="bbox 120 477 461 547; baseline -0.015 0"><span class='ocrx_word' id='word_1_1' title='bbox 120 503 130 547; x_wconf 91' lang='lat'>1</span> <span class='ocrx_word' id='word_1_2' title='bbox 322 477 461 544; x_wconf 82' lang='lat' dir='ltr'>Brutum</span> 
     </span>
     <span class='ocr_line' id='line_1_2' title="bbox 119 581 439 652; baseline -0.019 0"><span class='ocrx_word' id='word_1_3' title='bbox 119 609 134 652; x_wconf 79' lang='lat' dir='ltr'>a</span> <span class='ocrx_word' id='word_1_4' title='bbox 325 581 439 648; x_wconf 86' lang='lat' dir='ltr'>Pinuis</span> 
     </span>
     <span class='ocr_line' id='line_1_3' title="bbox 117 684 929 770; baseline -0.002 -16"><span class='ocrx_word' id='word_1_5' title='bbox 117 713 132 758; x_wconf 82' lang='lat' dir='ltr'>a</span> <span class='ocrx_word' id='word_1_6' title='bbox 205 685 258 754; x_wconf 74' lang='lat'>22.</span> <span class='ocrx_word' id='word_1_7' title='bbox 324 684 442 767; x_wconf 74' lang='lat' dir='ltr'>Valba,</span> <span class='ocrx_word' id='word_1_8' title='bbox 466 708 547 770; x_wconf 85' lang='lat' dir='ltr'>quae</span> <span class='ocrx_word' id='word_1_9' title='bbox 570 687 632 752; x_wconf 84' lang='lat' dir='ltr'>etsi</span> <span class='ocrx_word' id='word_1_10' title='bbox 654 709 673 750; x_wconf 89' lang='lat' dir='ltr'>a</span> <span class='ocrx_word' id='word_1_11' title='bbox 695 708 782 750; x_wconf 87' lang='lat' dir='ltr'>mare</span> <span class='ocrx_word' id='word_1_12' title='bbox 800 697 929 755; x_wconf 81' lang='lat' dir='ltr'>eentum</span> 
     </span>
     <span class='ocr_line' id='line_1_4' title="bbox 117 788 929 872; baseline 0 -16"><span class='ocrx_word' id='word_1_13' title='bbox 117 821 132 864; x_wconf 77' lang='lat'>4</span> <span class='ocrx_word' id='word_1_14' title='bbox 171 791 315 856; x_wconf 85' lang='lat' dir='ltr'>miliariis</span> <span class='ocrx_word' id='word_1_15' title='bbox 338 788 448 872; x_wconf 81' lang='lat' dir='ltr'>distet,</span> <span class='ocrx_word' id='word_1_16' title='bbox 469 790 631 856; x_wconf 84' lang='lat' dir='ltr'>territoria</span> <span class='ocrx_word' id='word_1_17' title='bbox 652 799 759 856; x_wconf 84' lang='lat' dir='ltr'>tamen</span> <span class='ocrx_word' id='word_1_18' title='bbox 784 791 852 862; x_wconf 78' lang='lat' dir='ltr'>eius</span> <span class='ocrx_word' id='word_1_19' title='bbox 876 814 929 856; x_wconf 85' lang='lat' dir='ltr'>us-</span> 
     </span>
     <span class='ocr_line' id='line_1_5' title="bbox 117 893 630 981; baseline -0.006 -21"><span class='ocrx_word' id='word_1_20' title='bbox 117 925 132 968; x_wconf 76' lang='lat'>5</span> <span class='ocrx_word' id='word_1_21' title='bbox 173 904 234 978; x_wconf 79' lang='lat' dir='ltr'>que</span> <span class='ocrx_word' id='word_1_22' title='bbox 258 893 300 958; x_wconf 92' lang='lat' dir='ltr'>ad</span> <span class='ocrx_word' id='word_1_23' title='bbox 322 917 410 958; x_wconf 82' lang='lat' dir='ltr'>mare</span> <span class='ocrx_word' id='word_1_24' title='bbox 431 895 630 981; x_wconf 76' lang='lat' dir='ltr'>pertingunt,</span> 
     </span>
     <span class='ocr_line' id='line_1_6' title="bbox 181 991 492 1062; baseline -0.006 1"><span class='ocrx_word' id='word_1_25' title='bbox 181 991 183 995; x_wconf 52' lang='grc'>’</span> <span class='ocrx_word' id='word_1_26' title='bbox 322 997 492 1062; x_wconf 85' lang='lat' dir='ltr'>Adernum</span> 
     </span>
     <span class='ocr_line' id='line_1_7' title="bbox 324 1098 450 1166; baseline -0.016 0"><span class='ocrx_word' id='word_1_27' title='bbox 324 1098 450 1166; x_wconf 82' lang='lat' dir='ltr'>Ortona</span> 
     </span>
     <span class='ocr_line' id='line_1_8' title="bbox 322 1204 489 1268; baseline 0 0"><span class='ocrx_word' id='word_1_28' title='bbox 322 1204 489 1268; x_wconf 86' lang='lat' dir='ltr'>Anxinum</span> 
     </span>
     <span class='ocr_line' id='line_1_9' title="bbox 323 1307 426 1372; baseline 0 0"><span class='ocrx_word' id='word_1_29' title='bbox 323 1307 426 1372; x_wconf 81' lang='lat' dir='ltr'>Teate</span> 
     </span>
     <span class='ocr_line' id='line_1_10' title="bbox 322 1412 456 1476; baseline 0 -2"><span class='ocrx_word' id='word_1_30' title='bbox 322 1412 456 1476; x_wconf 85' lang='lat' dir='ltr'>Annum</span> 
     </span>
     <span class='ocr_line' id='line_1_11' title="bbox 322 1515 493 1580; baseline 0.006 -1"><span class='ocrx_word' id='word_1_31' title='bbox 322 1515 493 1580; x_wconf 84' lang='lat' dir='ltr'>Pallanum</span> 
     </span>
     <span class='ocr_line' id='line_1_12' title="bbox 321 1618 480 1684; baseline -0.013 0"><span class='ocrx_word' id='word_1_32' title='bbox 321 1618 480 1684; x_wconf 85' lang='lat' dir='ltr'>Istonium</span> 
     </span>
     <span class='ocr_line' id='line_1_13' title="bbox 323 1722 457 1788; baseline -0.007 -1"><span class='ocrx_word' id='word_1_33' title='bbox 323 1722 457 1788; x_wconf 87' lang='lat' dir='ltr'>Larium</span> 
     </span>
     <span class='ocr_line' id='line_1_14' title="bbox 324 1827 470 1892; baseline 0.014 -2"><span class='ocrx_word' id='word_1_34' title='bbox 324 1827 470 1892; x_wconf 81' lang='lat' dir='ltr'>Teanum</span> 
     </span>
     <span class='ocr_line' id='line_1_15' title="bbox 322 1929 535 2011; baseline 0 -17"><span class='ocrx_word' id='word_1_35' title='bbox 322 1929 493 1995; x_wconf 89' lang='lat' dir='ltr'>Polonium</span> <span class='ocrx_word' id='word_1_36' title='bbox 533 2007 535 2011; x_wconf 23' lang='grc' dir='ltr'>Ι</span> 
     </span>
     <span class='ocr_line' id='line_1_16' title="bbox 322 2035 485 2122; baseline 0.012 -24"><span class='ocrx_word' id='word_1_37' title='bbox 322 2035 485 2122; x_wconf 83' lang='lat' dir='ltr'>Ergitium</span> 
     </span>
     <span class='ocr_line' id='line_1_17' title="bbox 252 2138 453 2220; baseline 0 -17"><span class='ocrx_word' id='word_1_38' title='bbox 252 2213 260 2220; x_wconf 46' lang='grc'><strong>,</strong></span> <span class='ocrx_word' id='word_1_39' title='bbox 322 2138 453 2204; x_wconf 84' lang='lat' dir='ltr'>Tatinia</span> 
     </span>
     <span class='ocr_line' id='line_1_18' title="bbox 323 2242 489 2308; baseline 0 -2"><span class='ocrx_word' id='word_1_40' title='bbox 323 2242 489 2308; x_wconf 88' lang='lat' dir='ltr'>Parthona</span> 
     </span>
     <span class='ocr_line' id='line_1_19' title="bbox 325 2346 417 2411; baseline 0 -1"><span class='ocrx_word' id='word_1_41' title='bbox 325 2346 417 2411; x_wconf 80' lang='lat' dir='ltr'>Attia</span> 
     </span>
     <span class='ocr_line' id='line_1_20' title="bbox 326 2448 482 2535; baseline -0.019 -19"><span class='ocrx_word' id='word_1_42' title='bbox 326 2448 482 2535; x_wconf 86' lang='lat' dir='ltr'>Sipontus</span> 
     </span>
     <span class='ocr_line' id='line_1_21' title="bbox 324 2553 500 2621; baseline -0.023 0"><span class='ocrx_word' id='word_1_43' title='bbox 324 2553 500 2621; x_wconf 83' lang='lat' dir='ltr'>Anxanum</span> 
     </span>
     <span class='ocr_line' id='line_1_22' title="bbox 325 2654 754 2742; baseline 0 -20"><span class='ocrx_word' id='word_1_44' title='bbox 325 2655 444 2722; x_wconf 83' lang='lat' dir='ltr'>Salinis</span> <span class='ocrx_word' id='word_1_45' title='bbox 468 2680 550 2741; x_wconf 85' lang='lat' dir='ltr'>quae</span> <span class='ocrx_word' id='word_1_46' title='bbox 574 2665 605 2720; x_wconf 83' lang='lat' dir='ltr'>et</span> <span class='ocrx_word' id='word_1_47' title='bbox 628 2654 754 2742; x_wconf 80' lang='lat' dir='ltr'>Salapia</span> 
     </span>
     <span class='ocr_line' id='line_1_23' title="bbox 325 2759 927 2846; baseline 0.005 -21"><span class='ocrx_word' id='word_1_48' title='bbox 325 2760 500 2828; x_wconf 84' lang='lat' dir='ltr'>Aufidiena</span> <span class='ocrx_word' id='word_1_49' title='bbox 526 2784 585 2846; x_wconf 87' lang='lat' dir='ltr'>pro</span> <span class='ocrx_word' id='word_1_50' title='bbox 615 2783 678 2844; x_wconf 89' lang='lat' dir='ltr'>qua</span> <span class='ocrx_word' id='word_1_51' title='bbox 705 2783 792 2825; x_wconf 86' lang='lat' dir='ltr'>nunc</span> <span class='ocrx_word' id='word_1_52' title='bbox 816 2759 927 2828; x_wconf 77' lang='lat' dir='ltr'>(lanne</span> 
     </span>
    </p>
   </div>
   <div class='ocr_carea' id='block_1_2' title="bbox 209 2931 890 2997">
    <p class='ocr_par' dir='ltr' id='par_1_2' title="bbox 209 2931 890 2997">
     <span class='ocr_line' id='line_1_24' title="bbox 209 2931 890 2997; baseline 0 -17"><span class='ocrx_word' id='word_1_53' title='bbox 209 2934 300 2980; x_wconf 77' lang='lat' dir='ltr'>codices</span> <span class='ocrx_word' id='word_1_54' title='bbox 319 2931 392 2994; x_wconf 80' lang='lat' dir='ltr'>bjmr.</span> <span class='ocrx_word' id='word_1_55' title='bbox 638 2931 671 2993; x_wconf 78' lang='lat' dir='ltr'>cf.</span> <span class='ocrx_word' id='word_1_56' title='bbox 683 2933 743 2978; x_wconf 80' lang='lat' dir='ltr'>Rau.</span> <span class='ocrx_word' id='word_1_57' title='bbox 757 2933 808 2984; x_wconf 79' lang='lat'>259</span> <span class='ocrx_word' id='word_1_58' title='bbox 829 2934 890 2997; x_wconf 57' lang='lat' dir='ltr'>tuq.</span> 
     </span>
    </p>
   </div>
   <div class='ocr_carea' id='block_1_3' title="bbox 169 3040 926 3386">
    <p class='ocr_par' dir='ltr' id='par_1_3' title="bbox 169 3040 926 3386">
     <span class='ocr_line' id='line_1_25' title="bbox 171 3040 926 3099; baseline -0.003 -13"><span class='ocrx_word' id='word_1_59' title='bbox 171 3043 185 3086; x_wconf 90' lang='lat'>1</span> <span class='ocrx_word' id='word_1_60' title='bbox 207 3041 307 3086; x_wconf 83' lang='lat' dir='ltr'>brucum</span> <span class='ocrx_word' id='word_1_61' title='bbox 326 3040 385 3086; x_wconf 77' lang='lat' dir='ltr'>bmr.</span> <span class='ocrx_word' id='word_1_62' title='bbox 436 3041 449 3085; x_wconf 78' lang='lat'>2</span> <span class='ocrx_word' id='word_1_63' title='bbox 469 3041 566 3099; x_wconf 86' lang='lat' dir='ltr'>pinnius</span> <span class='ocrx_word' id='word_1_64' title='bbox 584 3053 629 3084; x_wconf 81' lang='lat' dir='ltr'>mr.</span> <span class='ocrx_word' id='word_1_65' title='bbox 649 3063 651 3066; x_wconf 96' lang='lat'>·</span> <span class='ocrx_word' id='word_1_66' title='bbox 679 3042 693 3086; x_wconf 82' lang='lat'><strong>3</strong></span> <span class='ocrx_word' id='word_1_67' title='bbox 714 3041 926 3097; x_wconf 76' lang='lat' dir='ltr'>eantum1100m,</span> 
     </span>
     <span class='ocr_line' id='line_1_26' title="bbox 171 3108 925 3171; baseline -0.001 -15"><span class='ocrx_word' id='word_1_68' title='bbox 171 3113 222 3157; x_wconf 85' lang='grc'>100</span> <span class='ocrx_word' id='word_1_69' title='bbox 242 3116 338 3157; x_wconf 82' lang='lat' dir='ltr'>centum</span> <span class='ocrx_word' id='word_1_70' title='bbox 356 3127 378 3157; x_wconf 83' lang='lat' dir='ltr'>r.</span> <span class='ocrx_word' id='word_1_71' title='bbox 452 3113 467 3158; x_wconf 84' lang='lat'>8</span> <span class='ocrx_word' id='word_1_72' title='bbox 496 3112 619 3156; x_wconf 79' lang='lat' dir='ltr'>auximum</span> <span class='ocrx_word' id='word_1_73' title='bbox 632 3108 659 3171; x_wconf 88' lang='lat' dir='ltr'>f.</span> <span class='ocrx_word' id='word_1_74' title='bbox 735 3112 748 3155; x_wconf 86' lang='grc'><strong>9</strong></span> <span class='ocrx_word' id='word_1_75' title='bbox 777 3111 847 3156; x_wconf 72' lang='lat' dir='ltr'>tenda</span> <span class='ocrx_word' id='word_1_76' title='bbox 867 3109 925 3155; x_wconf 83' lang='lat' dir='ltr'>bmr.</span> 
     </span>
     <span class='ocr_line' id='line_1_27' title="bbox 170 3179 924 3243; baseline -0.004 -14"><span class='ocrx_word' id='word_1_77' title='bbox 170 3184 203 3229; x_wconf 81' lang='lat'>12</span> <span class='ocrx_word' id='word_1_78' title='bbox 223 3183 336 3228; x_wconf 80' lang='lat' dir='ltr'>istomum</span> <span class='ocrx_word' id='word_1_79' title='bbox 348 3181 375 3243; x_wconf 88' lang='lat' dir='ltr'>f.</span> <span class='ocrx_word' id='word_1_80' title='bbox 423 3185 454 3230; x_wconf 80' lang='lat'>16</span> <span class='ocrx_word' id='word_1_81' title='bbox 474 3179 622 3242; x_wconf 79' lang='lat' dir='ltr'>ergiaiumf.</span> <span class='ocrx_word' id='word_1_82' title='bbox 671 3183 701 3228; x_wconf 83' lang='lat'>19</span> <span class='ocrx_word' id='word_1_83' title='bbox 721 3179 813 3240; x_wconf 84' lang='lat' dir='ltr'>aieief,</span> <span class='ocrx_word' id='word_1_84' title='bbox 834 3181 890 3226; x_wconf 82' lang='lat' dir='ltr'>aitte</span> <span class='ocrx_word' id='word_1_85' title='bbox 904 3181 924 3226; x_wconf 78' lang='lat' dir='ltr'>b.</span> 
     </span>
     <span class='ocr_line' id='line_1_28' title="bbox 169 3248 924 3314; baseline -0.003 -14"><span class='ocrx_word' id='word_1_86' title='bbox 169 3256 203 3300; x_wconf 80' lang='lat'>21</span> <span class='ocrx_word' id='word_1_87' title='bbox 223 3268 340 3301; x_wconf 77' lang='lat' dir='ltr'>aurarum</span> <span class='ocrx_word' id='word_1_88' title='bbox 351 3252 378 3314; x_wconf 91' lang='lat' dir='ltr'>s.</span> <span class='ocrx_word' id='word_1_89' title='bbox 427 3255 459 3300; x_wconf 76' lang='lat'>22</span> <span class='ocrx_word' id='word_1_90' title='bbox 480 3257 512 3311; x_wconf 81' lang='lat' dir='ltr'>et]</span> <span class='ocrx_word' id='word_1_91' title='bbox 526 3259 549 3300; x_wconf 83' lang='lat' dir='ltr'>et</span> <span class='ocrx_word' id='word_1_92' title='bbox 562 3259 586 3300; x_wconf 83' lang='lat' dir='ltr'>et</span> <span class='ocrx_word' id='word_1_93' title='bbox 599 3252 620 3299; x_wconf 88' lang='lat' dir='ltr'>b.</span> <span class='ocrx_word' id='word_1_94' title='bbox 649 3253 658 3297; x_wconf 86' lang='lat' dir='ltr'>ll</span> <span class='ocrx_word' id='word_1_95' title='bbox 685 3248 789 3310; x_wconf 76' lang='lat' dir='ltr'>Salapia]</span> <span class='ocrx_word' id='word_1_96' title='bbox 809 3251 884 3310; x_wconf 73' lang='lat' dir='ltr'>talpis</span> <span class='ocrx_word' id='word_1_97' title='bbox 902 3267 924 3298; x_wconf 77' lang='lat' dir='ltr'>r.</span> 
     </span>
     <span class='ocr_line' id='line_1_29' title="bbox 169 3323 415 3386; baseline -0.02 -15"><span class='ocrx_word' id='word_1_98' title='bbox 169 3326 203 3372; x_wconf 76' lang='lat'>23</span> <span class='ocrx_word' id='word_1_99' title='bbox 223 3325 343 3372; x_wconf 79' lang='lat' dir='ltr'>anfidiena</span> <span class='ocrx_word' id='word_1_100' title='bbox 354 3323 381 3386; x_wconf 88' lang='lat' dir='ltr'>f.</span> <span class='ocrx_word' id='word_1_101' title='bbox 412 3355 415 3366; x_wconf 87' lang='lat'>.</span> 
     </span>
    </p>
   </div>
   <div class='ocr_carea' id='block_1_4' title="bbox 0 0 1209 3896">
    <p class='ocr_par' dir='ltr' id='par_1_4' title="bbox 0 0 1209 3896">
     <span class='ocr_line' id='line_1_30' title="bbox 0 0 1209 3896; baseline 0 0"><span class='ocrx_word' id='word_1_102' title='bbox 0 0 1209 3896; x_wconf 95' lang='lat' dir='ltr'> </span> 
     </span>
    </p>
   </div>
  </div>
 </body>
</html>
