2464 3896
1064 283 1149 358 ΙΙ,

310 455 323 500 1
361 442 398 497 ut
418 431 574 496 barbarus
590 453 659 494 mos
682 437 741 510 est,
764 428 898 492 forsitan
913 427 951 492 ut'
964 426 1040 492 olim
1054 451 1118 494 no-

309 558 323 602 a
361 538 500 602 minatae
516 543 591 598 sunt
605 533 727 619 patriae
744 532 889 596 civitates
904 531 956 595 vel
970 530 1118 614 flumina,

310 660 324 706 a
361 663 464 724 nuper
488 638 580 702 aliter
603 636 812 722 appellentur.
843 699 844 702 ,

309 762 326 808 4
407 741 473 808 Sed
489 750 525 805 ut
541 739 582 804 ad
597 739 797 825 propositum
811 737 995 803 redeamus:
1011 739 1118 804 omni-

311 864 325 912 5
362 846 423 910 bus
447 843 646 930 sapientibus
670 835 835 928 cognitum
859 849 908 906 est
934 840 1020 925 quod
1042 843 1118 906 uni-

311 971 326 1017 c
362 949 524 1016 versitatis
546 947 650 1012 bonus
673 947 780 1031 opifex
795 942 943 1010 Christus
965 944 1118 1010 dominus

312 1076 325 1120 ι
362 1063 473 1119 noster
489 1051 690 1135 omnipotens
706 1072 747 1113 ex
761 1049 860 1114 nihilo
877 1047 1021 1126 condidit
1034 1070 1119 1113 cun-

311 1177 327 1222 s
364 1167 418 1222 cta
429 1156 569 1238 fecitque
581 1153 752 1218 luminaria
766 1175 884 1240 magna
895 1152 936 1216 ad
948 1175 1119 1217 ornamen-

312 1283 326 1326 ιι
364 1270 434 1325 tum
458 1257 607 1344 Olympi,
636 1281 694 1342 per
723 1280 805 1340 quae
834 1256 1033 1322 solertissimi
1054 1256 1120 1320 viri

296 1384 327 1429 10
366 1364 518 1428 creatoris
533 1363 624 1426 iussu
637 1369 799 1428 momenta
821 1370 853 1426 et
874 1369 1019 1446 tempora
1040 1382 1121 1446 sup-

297 1490 327 1535 11
364 1477 477 1553 putare
493 1475 639 1551 possunt.
667 1487 743 1559 ergo
760 1463 837 1528 dum
852 1465 900 1530 sol
914 1474 1016 1528 totam
1031 1462 1122 1528 diem

196 1655 198 1660 ,
297 1596 328 1640 ιι
365 1594 423 1657 per
452 1569 664 1638 meridianum
693 1569 870 1654 marginem
902 1567 1122 1655 potentissimi

298 1701 329 1747 13
366 1676 457 1739 iussu
479 1673 610 1738 factoris
634 1669 831 1754 exambulat,
860 1675 1121 1755 unamquamque

298 1802 330 1848 14
366 1778 479 1843 horam
509 1776 572 1841 diei
594 1799 694 1840 verno
716 1778 859 1861 tempore
885 1785 1038 1859 tanquam
1060 1775 1123 1840 ho·

298 1905 330 1952 15
366 1881 527 1969 rologium
545 1879 689 1945 ordinem
705 1901 799 1944 suum
809 1903 867 1965 per
879 1901 1049 1944 occursum
1064 1878 1124 1944 de·
1176 1863 1186 1880 ’

299 2013 330 2059 16
368 1987 492 2073 signat,
525 2006 696 2070 possumus
723 1982 871 2048 arbitrari
899 1983 1124 2048 universarum

299 2115 330 2162 17
368 2091 514 2177 gentium
540 2087 661 2173 patrias
689 2083 747 2171 per
775 2110 927 2174 magnum
950 2088 1125 2152 circuitum

300 2218 331 2264 ιιι
368 2189 639 2258 intransmeabilis
664 2187 789 2255 Oceani
809 2190 902 2256 litore
924 2192 1057 2276 positas,
1089 2202 1126 2257 et

244 2319 248 2328 ·
300 2320 331 2366 re
370 2293 501 2360 Christo
529 2293 623 2359 nobis
641 2294 825 2360 auxiliante
853 2295 1015 2367 subtilius.
1037 2294 1126 2360 desi·

299 2422 332 2468 no
370 2421 479 2486 gnare.
786 2476 789 2482 Ι

300 2528 332 2576 21
404 2502 435 2570 2.
480 2501 590 2566 Prima
612 2511 648 2566 ut
670 2497 749 2566 hora
772 2500 836 2566 diei
856 2501 1010 2566 Indorum
1031 2525 1125 2589 repe-

300 2631 333 2678 ιι
370 2607 498 2672 riuntur
519 2608 699 2693 prosapiae,
722 2627 858 2688 quorum
878 2614 953 2691 post
974 2615 1067 2692 terga
1082 2607 1136 2672 ad

302 2733 334 2779 23
372 2710 559 2776 orientalem
572 2711 702 2798 plagam
715 2718 870 2793 tanquam
885 2709 925 2774 eir
939 2709 1038 2774 latere
1050 2734 1125 2796 pro-

199 2901 202 2906 ·
303 2835 336 2882 24
371 2815 477 2880 ximus
501 2814 588 2880 solus
610 2813 879 2890 intransmeabilis
903 2836 1027 2879 eremus
1042 2815 1125 2879 reia·

373 3037 388 3083 2
416 3042 473 3084 sunt
490 3051 534 3082 om.
553 3039 582 3083 A.
659 3040 672 3084 7
700 3036 791 3084 nichilo
809 3039 860 3086 AB.
934 3040 964 3086 10
993 3045 1078 3100 tepora
1095 3041 1125 3087 Β.

371 3108 382 3154 ΙΙ
394 3121 481 3167 supere
493 3109 544 3154 AB.
601 3109 631 3155 12
651 3109 857 3167 potentissimeB.
913 3111 944 3156 18
965 3112 1063 3158 occeani
1075 3113 1125 3170 AB,

372 3184 396 3224 ct
406 3181 442 3224 εἰσ
449 3181 549 3238 passim.
567 3179 577 3226 ΙΙ
589 3179 670 3225 littore
682 3181 711 3225 A.
775 3181 806 3225 21
835 3181 909 3236 utldt
927 3183 955 3227 A.
1011 3181 1044 3228 28
1071 3196 1127 3242 prc-

372 3251 453 3296 ximos
462 3251 492 3297 A.
555 3251 588 3296 24
614 3249 691 3298 solum
709 3256 737 3298 A.
757 3250 767 3296 ΙΙ
782 3251 891 3298 heremus
908 3253 937 3298 A.
