2378 3902
299 259 352 312 226
1026 263 1114 311 ivn

319 431 331 473 1
367 405 545 494 Frigonum
565 407 669 492 patria
683 407 783 472 fuisse
804 407 954 493 legimuS,
976 409 1115 494 exeeptis

319 531 333 577 a
369 510 496 577 duabus
518 533 600 595 quae
623 511 799 596 antiquitus
820 511 974 597 leguntur

318 633 333 678 a
518 614 729 679 Bordonohar
751 624 783 678 et

319 737 335 782 4
519 713 665 783 Nooda0.
703 715 762 782 sed
776 727 809 781 et
821 719 960 783 transire
974 741 1030 804 per
1042 741 1117 782 ean-

319 842 333 889 5
371 821 445 888 dem
477 823 613 909 patriam
643 822 780 908 legimus
818 820 953 887 fluvium
985 823 1038 906 qui
1069 821 1116 886 di-

319 949 333 994 6
370 926 454 991 oitur

319 1053 334 1099 ⁷
404 1028 458 1098 24.
506 1028 628 1096 Iterum
657 1029 698 1094 ad
723 1029 861 1093 frontem
884 1027 1028 1094 eiusdem
1046 1029 1117 1094 Fri-

319 1155 334 1200 a
371 1155 492 1221 genum
514 1135 648 1218 patriae,
672 1129 831 1216 quomodo
853 1131 944 1197 verbi
959 1134 1062 1219 gratia
1084 1141 1117 1196 ut

319 1255 335 1303 9
371 1236 516 1302 dieamus
532 1237 574 1302 ad
588 1246 706 1302 terram
721 1237 906 1322 spatiosam,
920 1237 1051 1321 ponitur
1064 1258 1117 1321 pa-

304 1363 335 1408 10
371 1342 434 1406 tria
456 1363 537 1425 quaa
561 1340 679 1404 dicitur
700 1339 839 1405 Francia
853 1336 1019 1430 Ripensis,
1041 1361 1116 1423 quae

303 1464 333 1510 11
372 1445 549 1529 antiquitus
565 1443 673 1510 Gallia
682 1429 798 1530 Belgia
812 1443 977 1525 Alobrites
994 1443 1117 1507 dicitur.

304 1568 335 1614 12
372 1571 469 1632 quam
490 1550 627 1634 patriam
647 1549 777 1635 plurimi
798 1546 1040 1633 descripserunt
1051 1547 1117 1633 phi-

302 1675 334 1720 18
371 1652 513 1737 losophi3
537 1676 577 1717 ex
600 1652 716 1744 qpibus
740 1673 799 1737 ego
822 1650 887 1736 legi
901 1652 1118 1735 praenomina·

304 1781 335 1827 14
371 1767 422 1822 ros
437 1756 618 1845 Anaridum
639 1765 672 1820 et
685 1753 900 1819 Eldebaldum
922 1763 1020 1838 atque
1034 1754 1118 1819 Mar-

304 1885 335 1930 ra
372 1862 527 1926 comirum
538 1845 948 1944 Gothorum'philosophos.
984 1857 1119 1923 sednon

304 1989 335 2034 ιθ
373 1966 549 2050 aequaliter
576 1965 754 2050 praefatam
789 1960 1041 2047 designavenmt
1068 1985 1118 2050 pa-

304 2093 335 2137 17
373 2071 484 2150 triam,
514 2068 572 2133 sed
595 2069 676 2133 alius
699 2067 781 2131 dixit
806 2065 914 2145 aliter,
942 2065 1025 2132 alius
1049 2089 1118 2131 vero

305 2197 336 2243 ιε
374 2173 436 2237 alio
465 2171 571 2238 modo.
623 2171 681 2236 sed
710 2193 770 2258 ego
800 2169 977 2234 seeundum
998 2172 1118 2258 praefa-

305 2299 336 2345 19
373 2285 442 2341 tum
472 2273 652 2341 Anaridum
682 2273 864 2339 Gothorum
896 2275 1118 2362 philosophum
1187 2287 1188 2302 ³

305 2401 336 2447 20
373 2381 506 2446 inferius
535 2379 638 2444 dieras
669 2379 814 2445 civitates
837 2379 999 2465 praefatae
1023 2381 1118 2446 Fran·

376 2546 388 2590 1
417 2543 554 2604 Frigionum
572 2541 635 2587 editi.
663 2541 673 2586 ll
698 2542 801 2600 patriam
819 2541 842 2587 B
859 2542 924 2588 editi.
987 2544 1003 2588 2
1032 2545 1117 2600 duobus

373 2616 418 2661 AB
435 2615 500 2661 editi.
556 2613 570 2658 3
590 2613 746 2659 bondonchar
760 2610 783 2658 C,
833 2613 846 2658 6
862 2618 920 2672 post
932 2613 1022 2660 dicitur
1040 2613 1118 2661 laeana

373 2699 414 2732 aaa
431 2684 469 2731 vel
486 2690 572 2744 septem
591 2682 726 2729 litterarum
744 2696 822 2740 capara
839 2684 867 2742 A,
887 2682 956 2729 nulla
975 2681 1116 2732 lacunaria

374 2758 451 2816 llpoat
469 2757 557 2803 dicitur
580 2753 599 2801 C
620 2754 675 2799 add.
699 2754 728 2799 de
751 2755 831 2812 patrIa
853 2768 898 2812 qua
923 2755 1013 2801 dicitur
1035 2755 1118 2803 francia
1186 2747 1187 2762 ¹

374 2828 487 2885 rinensia,
511 2841 557 2885 que
581 2824 713 2882 antiquitus
737 2823 811 2884 gallia
834 2825 938 2884 belgicia
956 2825 1073 2875 alobrites
1088 2826 1118 2870 di·

376 2899 444 2945 citur.
522 2899 536 2944 9
564 2897 698 2956 spaciosam
726 2894 750 2942 0.
779 2895 788 2940 ll
814 2897 892 2954 patria
917 2910 978 2955 quae
1006 2914 1053 2944 om.
1075 2896 1117 2942 AB.

378 2971 408 3014 10
428 2970 516 3016 frantia
534 2969 564 3014 B.
592 2967 601 3012 ΙΙ
626 2966 754 3012 Rhinensis
773 2966 838 3012 editi.
895 2968 922 3012 11
947 2966 1055 3017 Galliam
1071 2966 1118 3014 Bel·

374 3040 454 3099 gicam
463 3040 596 3098 Alobroges
606 3037 619 3082 I
623 3038 644 3083 V
653 3038 694 3082 26.
713 3037 723 3083 ll
739 3037 840 3096 belgitia
850 3038 896 3083 AB
908 3038 972 3084 editi.
1022 3043 1055 3088 14
1067 3051 1119 3087 mar·

374 3112 491 3156 cfimirum
505 3107 529 3156 0.
594 3109 624 3156 15
643 3115 701 3167 port
717 3109 921 3154 MarcomirumA
940 3109 997 3156 add.
1018 3125 1062 3158 seu
1075 3123 1117 3157 sca

373 3182 447 3238 rium3
466 3183 482 3226 i.
496 3195 515 3225 e.
534 3179 677 3238 eustorium,
700 3186 726 3226 at
743 3180 757 3226 1
763 3180 782 3226 V
798 3179 839 3238 42,
865 3178 955 3226 Uada.
975 3184 1117 3231 senatorium·

373 3252 383 3297 ll
398 3251 570 3310 philosophum
586 3249 635 3296 AB.
