2404 3896
87 353 169 392 avmo
190 341 223 388 11
864 341 919 396 466

107 509 121 556 1
160 487 281 572 sculpti
310 495 447 571 utroque
470 487 569 552 latere
598 488 752 574 legrmtur
777 490 824 554 ita
845 509 916 556 mro

107 609 122 654 a
160 609 286 656 sallario
316 611 446 656 suursvs
473 610 665 663 roavuvsova
696 611 832 658 soulsvs
862 614 917 659 flo-

106 714 122 758 a
160 713 249 759 uoms
288 714 479 779 uarvusovu
519 714 618 762 mvsa,
691 695 724 760 in
763 697 917 764 honorem

104 817 122 862 4
160 819 290 882 quoque
306 798 451 865 eiusdem
462 799 607 886 Augusti
621 798 787 884 praedicta
802 803 915 867 civitas

105 919 120 966 5
159 899 202 966 de
213 901 356 966 Tirheno
377 925 436 988 per
456 904 648 968 tractionem
669 905 764 969 unius
788 913 820 968 et
834 906 917 970 mul-

105 1024 120 1068 s
158 1004 393 1090 tiplieationem
409 1007 541 1072 alterius
556 1004 700 1092 syllabae
711 1006 852 1072 Traiana
867 1018 917 1073 est

105 1126 127 1170 7·
159 1117 285 1174 vocata.
330 1133 417 1174 nuno
439 1133 567 1195 quoque
590 1109 716 1177 abiecta
738 1111 770 1175 ia
792 1111 917 1197 syllaba

105 1227 121 1270 8
159 1212 287 1278 Tramas
310 1223 455 1297 vocatur,
478 1224 515 1280 ut
538 1213 752 1298 descriptores
775 1214 917 1299 philoso-

105 1331 120 1374 9
159 1315 217 1401 phi
240 1317 307 1382 suis
330 1319 364 1382 in
387 1319 515 1404 seriptis
539 1327 696 1382 asserunt.

88 1436 121 1481 1⁰
190 1419 243 1488 24.
289 1420 370 1487 Post
392 1423 476 1488 hano
498 1421 629 1508 ponitur
642 1420 752 1486 Melfis
775 1445 856 1507 quae
884 1432 916 1488 et

87 1541 120 1586 11
159 1524 274 1589 Turris
308 1525 437 1591 dicitur.
489 1525 607 1591 dehine
634 1523 805 1592 Natiolum
833 1549 914 1612 quae

88 1644 121 1688 12
158 1650 246 1693 nune
260 1629 423 1694 lunatium
438 1639 584 1710 vocatur,
599 1627 721 1693 dietum
737 1639 844 1694 autem
859 1654 916 1695 an·

87 1747 121 1792 ra
158 1732 294 1814 tiquitus
306 1732 522 1815 Iuvenatium,
537 1733 631 1816 quasi
641 1731 728 1796 Iovis
740 1734 914 1820 navigatio.

87 1850 122 1895 14
159 1834 237 1900 dum
260 1837 345 1900 enim
363 1847 488 1923 patrem
502 1835 678 1904 Saturnum
692 1835 726 1898 in
742 1835 914 1922 gralatium

87 1952 120 2000 15
157 1939 270 2026 fugam
291 1951 483 2008 mereartem
505 1965 524 2008 a
547 1938 646 2005 Creta
670 1937 807 2004 navibus
830 1940 915 2005 inse-

87 2058 120 2102 16
159 2043 287 2126 quitur,
313 2045 346 2108 vi
369 2045 570 2132 tempestatis
599 2042 720 2120 ibidem
743 2041 913 2107 devolutus

87 2165 120 2208 17
158 2146 314 2233 oppidum
336 2150 459 2214 statuit.

86 2269 120 2314 18
193 2250 246 2320 25.
285 2253 415 2318 Dehine
428 2254 519 2318 iuxta
534 2253 729 2339 paucissimo
744 2250 913 2316 intervallo

86 2374 119 2418 19
156 2378 217 2442 per
229 2357 307 2421 litus
324 2379 465 2439 emenso,
480 2358 689 2424 miliariorum
700 2355 823 2421 scilieet
835 2353 914 2420 duo-

85 2476 120 2521 20
159 2458 277 2541 decim,
301 2470 350 2525 est
373 2458 509 2542 Sibaris,
535 2482 616 2545 quae
639 2481 726 2525 nune
747 2458 842 2523 Baris
865 2458 914 2522 di-

129 2649 133 2656 ,
194 2599 286 2646 codices
305 2597 377 2660 bsmr.
628 2596 662 2659 cs.
673 2599 733 2644 Rau.
745 2595 794 2642 261
817 2597 831 2642 4
851 2597 877 2643 5.

158 2695 173 2740 2
194 2693 288 2740 traiani
301 2693 323 2738 b.
370 2697 384 2740 3
405 2695 495 2740 honore
514 2692 549 2754 tf.
595 2696 610 2739 4
630 2693 751 2752 predictas
763 2691 874 2738 civitates
885 2689 911 2752 f.

157 2764 173 2812 5
193 2765 320 2824 tyrrhenia
338 2763 373 2825 bs.
429 2766 443 2810 6
469 2763 579 2820 alterius}
599 2765 669 2810 unius
682 2762 708 2824 f.
737 2763 746 2808 ll
772 2761 858 2810 sillabe
870 2759 911 2822 fr.

156 2837 278 2895 lttrayana
290 2832 316 2895 s.
367 2837 379 2881 7
405 2836 444 2891 ia]
463 2835 512 2882 iam
529 2849 574 2881 mr.
602 2835 612 2881 ll
637 2832 764 2893 sillabas.
820 2833 912 2880 8Tra-

156 2910 214 2965 uas]
234 2911 341 2952 tranas.
354 2904 380 2966 s.
437 2908 468 2951 10
497 2905 600 2965 melphis
617 2920 662 2952 mr.
720 2903 911 2960 121unrtiuml

156 2976 307 3024 invenatium
320 2978 379 3022 bmr.
424 2978 454 3023 13
468 2977 628 3034 Iuvenatiuml
641 2977 751 3023 iuveuaci
758 2973 784 3035 s.
830 2976 861 3020 14
874 2987 912 3019 aa·

155 3049 264 3095 turnium
283 3045 318 3108 bf.
375 3049 406 3094 14
428 3047 458 3093 15
484 3049 510 3093 in
522 3047 651 3106 gralatium
668 3048 749 3105 fugam
762 3047 910 3100 mercartem]

149 3117 263 3178 fortasse
280 3119 305 3164 in
323 3117 361 3164 vel
377 3120 441 3165 intra
457 3118 554 3164 LatIum
570 3119 702 3178 fugientem
720 3115 757 3162 vel
774 3113 855 3174 fugam
868 3129 911 3174 pa-

154 3196 249 3236 rantem
267 3187 304 3235 vel
321 3189 440 3236 similiter.
479 3191 510 3235 14
530 3189 661 3248 gralamum
673 3186 699 3248 f.
757 3188 786 3234 15
806 3189 871 3232 creta
882 3183 908 3245 f.

157 3263 189 3306 16
208 3262 258 3306 vim
278 3260 300 3306 b.
351 3263 381 3307 17
401 3262 501 3319 opidum
514 3259 540 3320 f.
595 3262 626 3306 19
646 3271 796 3306 emansema
816 3258 825 3302 ll
850 3258 909 3302 duo-

154 3333 247 3389 decim}
266 3345 302 3376 xu
321 3346 364 3376 mr.

709 3414 739 3452 ³⁰
