2358 3906
84 299 119 347 lv
137 297 174 347 42
866 295 918 352 ³⁰1

104 464 117 508 1
158 444 350 530 chiliopolin
373 464 443 508 esse
467 451 616 510 asserunt
639 452 688 510 eet
710 444 815 530 patria
837 467 920 530 quae

103 571 117 615 a
156 548 281 614 dicitur
304 545 434 632 Spania.
487 569 568 631 quae
591 546 714 634 Spania
735 547 920 615 extenditur

103 676 117 720 a
156 654 192 717 in
216 650 389 718 latitudine
419 649 460 716 ab
484 648 617 717 Oceano
640 674 742 735 usque
766 651 809 716 ad
830 676 918 718 mare

102 780 118 823 4
156 779 315 843 magnum
339 753 521 837 Gallicum,
549 754 638 839 quod
660 764 693 820 et
714 754 919 822 Balearicum

104 887 118 933 5
156 859 349 946 appellatur.
404 882 500 943 quam
522 857 676 946 Spaniam
705 857 835 944 plurimi
863 858 919 924 de-

104 991 118 1035 e
156 964 359 1049 scripserunt
392 963 591 1048 philosophi3
631 986 671 1028 ex
706 962 822 1046 quibus
857 985 919 1050 ego

104 1096 119 1139 7
154 1067 225 1154 legi
246 1067 433 1133 multotiens
457 1065 562 1133 dictos
585 1065 769 1133 Cauterium
794 1076 826 1132 et
840 1065 918 1132 Lol-

105 1199 119 1244 8
157 1171 283 1236 lianum
322 1179 417 1255 atque
456 1170 661 1236 Arbitionem
698 1170 919 1238 Romanorum

106 1302 119 1347 9
158 1275 372 1361 philosophos
400 1284 433 1339 et
455 1299 553 1361 supra
580 1276 737 1361 scriptum
758 1276 918 1341 Aithana·

92 1405 120 1450 10
157 1376 268 1443 ridum
294 1388 327 1443 et
355 1378 596 1444 Heldebaldum
623 1388 719 1463 atque
741 1379 917 1448 Marcomi-

91 1509 119 1553 11
157 1507 232 1548 rum
263 1481 446 1548 Gothorum
477 1483 697 1569 philosophos.
759 1482 818 1550 sed
851 1509 917 1550 non

92 1615 121 1660 12
158 1587 337 1672 aequaliter
354 1588 530 1672 praefatam
542 1597 760 1672 exposuerunt
769 1590 917 1674 patriam,

92 1720 120 1766 13
158 1701 191 1756 et
221 1690 364 1756 eiusdem
392 1691 514 1775 patriae
544 1691 691 1756 civitates
721 1701 754 1758 et
784 1691 917 1758 flumina

93 1825 122 1869 14
157 1819 224 1861 non
246 1802 460 1860 consonantes
481 1795 738 1878 nominavenmt,
760 1795 819 1860 sed
833 1796 915 1862 alius

94 1931 121 1976 15
159 1898 244 1964 dixit
268 1898 375 1980 aliter,
406 1899 488 1964 alius
511 1921 587 1962 vero
618 1898 681 1962 alio
704 1899 810 1964 modo.
855 1922 916 1986 ego

93 2035 122 2080 1⁶
158 2027 236 2068 vero
253 2001 432 2068 secundum
442 2001 720 2088 praenominatum
732 2001 916 2068 Cauterium

94 2138 121 2184 17
159 2105 361 2192 praedictam
375 2103 530 2191 Spaniam
545 2105 752 2191 eiusdemque
769 2107 915 2172 civitates

160 2295 355 2358 lohiliopolim
373 2310 424 2344 esse
442 2298 545 2344 asseruit
562 2297 627 2356 odiu,
647 2311 700 2344 esee
718 2301 812 2344 esserut
828 2296 916 2357 quilic-

158 2368 228 2427 polin
248 2369 282 2423 113
308 2369 369 2418 ἐπεὶ
386 2370 432 2417 καὶ
456 2366 483 2420 οἱ
501 2362 654 2453 φάσκοντες
671 2361 813 2421 πλείους
797 2386 814 2432 η
831 2363 916 2431 χιλίας

158 2431 208 2492 τὰς
235 2438 294 2488 τῶν
304 2431 418 2507 Ἰβήρων
439 2433 560 2520 ὑπάρξαι
582 2434 673 2492 πόλεις
696 2440 742 2490 ἐπὶ
763 2439 849 2490 τοῦτο
866 2440 915 2504 φό-

174 2509 260 2562 εσθαί
280 2527 328 2576 μοι
352 2505 476 2571 δοκουσι,
499 2501 549 2563 ‘cde
571 2505 689 2579 μεγάλας
711 2504 802 2577 κώμας
823 2504 915 2563 πόλεις

159 2575 349 2647 ονομάζοντες
367 2582 458 2628 Strabo
472 2581 532 2628 163
590 2585 601 2628 1
623 2582 637 2628 2
658 2586 694 2628 eet
711 2583 792 2641 petria
804 2595 866 2641 quae
878 2581 915 2627 di-

158 2655 222 2700 citur
241 2651 334 2712 Spania
361 2667 406 2698 om.
425 2653 469 2698 ΑΒ
491 2653 556 2698 editi.
630 2652 644 2697 2
673 2665 734 2710 queo
755 2654 859 2713 yspania
884 2653 914 2698 A.

157 2727 173 2770 4
192 2722 353 2770 bcsseurimm
371 2724 402 2770 Β.
444 2726 458 2770 7
478 2723 621 2770 multociens
641 2721 666 2770 C.
685 2723 694 2769 ΙΙ
714 2724 806 2780 dietool
824 2724 915 2770 dictum

157 2795 223 2842 editi.
252 2794 262 2839 ΙΙ
289 2793 423 2840 kcstorium
440 2793 467 2840 -Ο,
495 2794 505 2840 ll
530 2794 649 2841 lolianum
666 2795 687 2840 A
706 2795 770 2840 editi.
834 2796 848 2839 9
877 2808 915 2841 cr·

157 2865 314 2912 thanaridum
335 2863 359 2912 C.
418 2867 448 2911 lc
467 2866 615 2912 marcumlru
632 2879 710 2925 ωαψς.
730 2863 755 2912 0.
810 2866 840 2912 11
857 2871 917 2923 poet

157 2936 332 2983 Mareomirnm
352 2937 396 2982 AB
414 2936 472 2982 editi
490 2936 546 2982 add.
565 2950 607 2982 ceu
626 2936 756 2982 castorium
781 2935 791 2982 ΙΙ
817 2936 914 2995 gottho-

158 3021 212 3054 mm
234 3005 259 3053 0.
287 3007 297 3051 ΙΙ
327 3007 499 3066 philosophum
520 3008 565 3054 AB
583 3007 647 3053 editi.
723 3007 754 3051 12
780 3006 914 3067 praefatam

158 3093 205 3124 em.
228 3075 252 3124 0.
300 3079 332 3123 18
352 3083 377 3124 et
396 3081 557 3138 (clamoren
575 3076 616 3123 vel
633 3078 678 3123 AB
696 3077 760 3123 editi.
810 3077 842 3123 14
856 3082 915 3135 poet

157 3150 201 3195 ted
221 3149 266 3194 AB
284 3148 342 3194 editi
360 3148 416 3194 odd.
436 3153 468 3194 et.
519 3149 550 3196 15
572 3150 603 3194 16
623 3161 669 3207 ego
681 3151 751 3204 vero]
770 3148 868 3206 sedego
889 3145 913 3193 C.

159 3221 193 3266 16
212 3220 242 3264 17
255 3219 376 3278 prefatum
388 3220 522 3266 hostorium
535 3219 727 3279 prenominatam
742 3216 765 3264 0.
804 3219 836 3264 17
851 3217 914 3264 eius-

158 3292 275 3350 demque]
295 3295 319 3336 et
338 3291 445 3338 eiundem
465 3289 489 3338 0.
