2408 3892
101 325 188 361 armo
210 312 260 359 110
880 311 935 366 537

126 479 141 524 1
181 480 278 543 quam
294 456 390 521 modo
405 458 519 522 melius
541 468 672 522 sanutus
688 465 809 545 martyr
823 459 937 524 Achil-

125 584 142 629 a
179 562 251 626 leus
273 561 443 639 illuminat.

127 688 142 734 a
224 663 338 747 Itaque
362 683 382 728 a
396 665 525 728 civitate
540 664 684 750 praelata
697 663 864 728 Mesebria
873 687 936 750 ¹per

128 791 144 836 4
180 788 238 831 ora
260 768 358 832 maria
380 789 483 851 usque
507 767 549 833 ad
570 768 767 832 nominatam
787 767 937 832 Larisam

128 889 142 937 1
179 868 295 934 urbem
318 870 464 935 civitates
488 879 564 935 sunt
589 872 824 957 quinquaginta
845 871 937 954 quin-

127 993 142 1040 6
180 993 244 1056 que
267 982 300 1037 et
314 973 450 1038 miliaria
465 983 690 1058 supponuntur
703 973 791 1039 mille
807 982 937 1038 eentum

127 1099 141 1143 τ
179 1074 346 1141 tredecim.
463 1073 470 1087 '

126 1201 141 1246 e
208 1176 283 1246 110.
328 1180 382 1245 Ab
404 1181 467 1246 hae
489 1190 597 1245 autem
620 1181 733 1246 civitas
757 1189 806 1245 est

127 1303 141 1348 9
333 1281 512 1350 Grannona
561 1368 563 1372 y

110 1407 142 1453 10
331 1387 478 1453 Phalaris

109 1510 141 1554 11
331 1491 535 1556 Pharsalium

109 1610 142 1655 12
330 1593 487 1680 Tapedon

109 1715 142 1760 18
331 1697 539 1782 Thermopila

109 1818 144 1864 14
178 1799 181 1808 '
332 1799 468 1886 Scorpia
551 1787 573 1823 ⁸

109 1923 142 1970 15
330 1904 445 1969 Elauia

110 2029 143 2074 16
333 2006 474 2073 Cheroni

110 2133 143 2177 1⁷
334 2109 487 2177 Chromia

110 2233 144 2278 18
332 2215 475 2300 Thespia

111 2334 144 2380 19
331 2319 447 2383 Platea

110 2436 144 2482 ao
333 2421 453 2486 Pireon
552 2435 554 2440 ’

110 2539 144 2584 al
234 2595 246 2604 ,
334 2526 482 2606 Athene,
515 2523 779 2609 philosophorum
808 2532 840 2588 et
867 2547 939 2589 ora-

109 2645 144 2690 aa
182 2641 289 2696 torum
304 2628 467 2714 quondam
488 2627 639 2715 genitriX,
661 2627 695 2692 in
716 2649 779 2710 qua
794 2627 938 2694 divinum

110 2746 145 2792 28
183 2734 293 2799 lumen
308 2743 405 2818 atque
420 2730 667 2818 inextinguibile
687 2753 753 2796 nou
767 2731 802 2795 in
816 2732 937 2817 templo

111 2850 145 2895 24
183 2838 271 2924 quod
299 2837 475 2924 prophetae
501 2835 579 2901 olim
607 2859 626 2900 a
647 2833 763 2900 Iasone
785 2858 861 2921 rege
885 2834 938 2899 dei

111 2952 144 3000 25
182 2942 331 3030 genitrici
353 2962 542 3025 semperque
564 2938 699 3025 virginis
715 2937 841 3003 Mariae
862 2960 939 3002 eon-

218 3111 291 3158 aodaa
309 3111 331 3157 b.
630 3105 664 3168 cf.
676 3106 735 3152 Rau.
749 3105 800 3151 371
820 3105 853 3151 14
866 3119 902 3165 aq.

183 3217 198 3264 5
232 3217 408 3276 qninquaginta
435 3213 553 3272 quinqua]
583 3217 638 3257 aaut
664 3213 836 3272 quinquaqinta
863 3217 920 3257 trae.

184 3289 218 3334 24
245 3288 390 3347 prophetae}
410 3286 492 3344 potiar
509 3281 637 3342 propiliaa.
