2378 3902
293 321 346 375 m

313 491 326 536 1
512 469 696 536 Mandroda

311 594 326 639 a
512 574 636 639 Portin.

311 699 326 744 a
406 678 471 742 Per
492 701 588 762 quam
609 676 832 763 Burgundiam
852 686 1018 744 transeunt
1037 679 1100 764 plu-

311 805 328 850 4
363 783 445 846 rima
478 781 627 861 flumina,
660 781 745 846 inter
778 791 886 846 cetera
912 781 1026 847 fluvius
1052 782 1100 864 qui

312 907 327 954 o
364 885 484 952 dicitur

312 1013 327 1058 o
515 988 671 1055 Rodanus
703 987 939 1068 Lausonensis3
977 990 1011 1053 in
1045 1011 1103 1072 quo

313 1117 327 1162 τ
365 1092 503 1158 Rodano
524 1092 750 1180 ingrediuntur
771 1091 914 1174 flumina,
936 1091 970 1156 id
993 1103 1039 1158 est

313 1221 328 1266 a
515 1196 614 1262 Duba

314 1325 328 1370 a
515 1299 668 1388 Saganna

299 1401 329 1473 lo
516 1405 608 1469 lzera

298 1529 328 1576 ιι
518 1507 619 1572 Arab.

298 1635 330 1682 ra
412 1609 479 1693 Qui
513 1633 611 1696 supra
644 1612 783 1697 scriptus
815 1611 932 1680 fluvius
961 1611 1106 1678 Rodanns

299 1740 330 1786 13
367 1714 549 1802 ingreditur
569 1716 603 1778 in
616 1738 705 1779 mare
720 1713 883 1780 Gallicum
898 1715 1012 1782 subtus
1025 1739 1108 1802 prae-

299 1845 331 1890 14
367 1819 467 1883 latam
490 1819 653 1883 civitatem
675 1819 841 1883 Arelaton.

299 1949 330 1994 15
401 1921 456 1991 28.
500 1922 585 1987 Item
602 1923 692 1986 iuxta
706 1923 882 2006 praefatam
896 1922 1108 2010 Burgrmdiam

299 2051 331 2096 ro
367 2028 514 2112 proxima
546 2027 626 2090 mari
656 2024 784 2092 Gallico
818 2037 869 2091 est
900 2028 1005 2111 patria
1035 2047 1108 2111 quae

300 2155 331 2199 17
370 2128 488 2195 dicitur
508 2130 675 2215 provincia
688 2127 884 2214 Septimana.
928 2153 1024 2214 quam
1043 2151 1109 2216 pro·

301 2257 332 2302 18
369 2234 510 2298 vinciam
535 2230 754 2318 Septimanam
782 2233 1020 2320 descripserunt
1045 2233 1109 2320 phi·
1171 2293 1172 2296 ,

372 2470 384 2512 1
409 2465 558 2523 Mandrodal
576 2465 610 2528 of.
624 2466 675 2513 230
695 2467 737 2516 18,
792 2467 807 2514 1
830 2467 926 2524 Portinl
945 2467 1013 2514 todia
1029 2467 1110 2514 Poten-

368 2538 417 2584 trui
434 2537 562 2584 Reiotord.
627 2539 644 2584 4
668 2544 725 2596 poet
742 2539 858 2584 oeteraA
879 2542 965 2598 repetit
987 2541 1109 2585 transeunt.

371 2611 385 2654 6
412 2609 543 2656 Rhodanus
562 2609 630 2667 editi,
659 2615 682 2654 et
699 2611 733 2655 aio
747 2623 833 2668 porro.
888 2611 903 2657 7
930 2611 1061 2670 ingreditur
1084 2607 1109 2652 B.

370 2681 385 2725 8
413 2679 498 2736 Dubal
518 2679 615 2741 of.241
635 2679 677 2725 16.
733 2681 747 2725 9
777 2679 873 2740 Sagana
891 2680 959 2738 editi,
988 2680 1109 2740 Saugonna

371 2749 500 2810 Greporiaa
529 2751 598 2809 iiam,
634 2749 748 2811 Sagonna
782 2751 913 2797 Cliroaicon
943 2751 1109 2802 Moiraiocema,

371 2821 440 2866 Perta
463 2822 477 2866 1
497 2821 558 2868 312.
582 2821 696 2878 „Ararim
721 2836 790 2880 quem
814 2821 965 2869 Sauconnam
987 2820 1108 2881 adpellant.

369 2894 502 2938 Ammian.“
515 2893 585 2940 non.
633 2895 665 2939 10
684 2894 750 2939 iaora
764 2891 788 2950 θ,
801 2893 866 2939 Isara
878 2891 941 2938 aliia.
989 2895 1020 2938 11
1038 2890 1108 2942 Arabi

371 2977 402 3008 nn
420 2962 482 3010 Arar
502 2964 575 3010 root
601 2967 653 3024 aq.
677 2961 796 3023 Saganna.
863 2964 894 3009 12
922 2963 1010 3010 fluvius
1028 2957 1107 3010 orn-C·

373 3035 405 3080 14
429 3041 485 3092 port
506 3034 622 3082 Arelaton
652 3033 670 3080 0
694 3034 750 3080 add.
777 3035 806 3080 de
833 3035 958 3094 provincia
985 3037 1108 3094 septimana
1169 3079 1170 3084 ,

370 3107 482 3164 proxima
501 3107 560 3152 mari
583 3106 679 3166 gallico.
752 3107 784 3150 10
811 3107 947 3165 proximum
964 3107 993 3150 Α.
1022 3105 1031 3152 ΙΙ
1054 3112 1109 3150 mara
1169 3121 1170 3138 ÷

371 3175 484 3236 gallicum
501 3177 552 3223 AB.
608 3179 639 3224 17
658 3177 780 3236 provintia
796 3177 826 3222 Β.
854 3175 863 3222 ΙΙ
889 3174 1038 3236 Septimania
1054 3172 1107 3224 adio}

371 3245 405 3307 es.
418 3246 452 3291 38
475 3247 517 3292 17.
553 3247 563 3292 ΙΙ
596 3248 742 3307 provintiam
764 3248 800 3304 B,
827 3249 1032 3306 praenominatam
1053 3243 1106 3290 editi·

374 3320 405 3364 18
433 3317 606 3378 Septimaniam
623 3319 688 3377 editt,
707 3325 730 3364 aa
746 3321 781 3366 aio
799 3318 912 3377 ἀνέπαφα.
