2464 3896
240 341 284 381 Xll
573 339 723 376 mauronto.

307 486 504 552 ott-556.
557 485 625 549 eius
653 484 873 571 apographum
903 483 1057 549 debemus

306 597 465 662 amicitiae
486 595 655 663 Wilhelmi
675 595 880 661 Bethmanni,

255 800 284 840 m
306 775 409 842 codex
423 776 678 845 Mediolanensis
693 775 929 842 Ambrosianus
944 776 976 842 R
994 777 1057 844 104

306 913 377 976 sup.
406 891 494 954 folio.
545 897 594 953 est
623 888 829 970 chartaceuS,
857 888 978 952 saeculi
998 909 1056 954 nu.

306 1003 449 1067 continet
472 1002 627 1087 opuscula
648 1000 802 1064 nonnulla
815 1001 933 1086 partim
946 1001 1058 1081 latino,

305 1115 423 1200 partim
444 1114 554 1178 italico
576 1135 722 1178 sermone
746 1113 938 1198 conscripta.
976 1110 1058 1178 Gui-

306 1225 399 1292 donis
422 1225 504 1290 liber
525 1226 572 1290 ita
593 1224 706 1310 incipit
731 1221 887 1310 „Sumpta
908 1248 947 1290 ex
967 1225 1058 1290 libris

307 1335 572 1425 Cosmographye
584 1333 745 1401 Guidonis
755 1335 965 1402 Rauennatis.
1003 1335 1058 1401 In-

307 1450 431 1535 cipiunt
444 1450 592 1531 feliciter,
607 1457 640 1513 et
653 1448 757 1534 primo
771 1449 936 1536 prologus.
975 1446 1058 1514 Cum

276 1610 278 1612 -
305 1562 389 1626 inter
421 1561 586 1628 homines“
623 1569 683 1626 etc.
744 1561 887 1626 continet
923 1562 1058 1648 paginas

306 1675 490 1742 449-501
517 1675 549 1739 4.
599 1673 685 1738 hunc
716 1671 861 1736 codicem
883 1672 923 1737 ab
946 1673 1059 1738 huma-

306 1785 408 1850 nitate
423 1785 588 1852 Vincentii
604 1782 746 1850 Catenae
761 1783 854 1850 nobis
871 1807 1058 1850 concessum

306 1920 390 1962 anno
417 1897 501 1966 1854
523 1896 702 1964 Mediolani
732 1894 886 1982 degentes
915 1897 978 1984 ipsi
1005 1920 1059 1962 ex·

306 2010 475 2076 cussimus.

261 2187 280 2227 r
309 2163 412 2228 codex
434 2165 600 2230 Romanus
630 2163 837 2230 Sessorianus
865 2163 929 2234 286
960 2163 1059 2248 (olim

307 2277 392 2361 346)
421 2277 455 2341 in
482 2275 679 2341 bibliotheca
707 2275 892 2341 monasterii
919 2273 1059 2342 Sanctae

306 2386 421 2453 Crucis
442 2388 756 2475 Hierosolymitanae
780 2397 972 2453 asservatus.
1010 2399 1060 2454 est

306 2500 505 2583 chartaceus,
524 2502 644 2565 saeculi
659 2521 708 2583 xv,
723 2498 824 2564 nitide
840 2500 995 2585 scriptum
1010 2499 1059 2568 fo·
1103 2559 1108 2570 .

303 2613 419 2677 liorum
440 2611 577 2678 latitudo
598 2622 656 2678 ,est
676 2613 829 2698 pollicum
857 2609 963 2678 Rhen.
980 2617 999 2681 5
1026 2622 1059 2678 et

305 2725 463 2788 linearum
482 2726 514 2806 4,
537 2723 674 2790 altitudo
696 2723 848 2810 pollicum
865 2728 884 2792 7
908 2732 941 2788 et
959 2725 1059 2789 linea-

305 2859 376 2900 rum
401 2841 430 2902 5.
483 2836 626 2901 continet
652 2845 780 2922 praeter
801 2837 957 2921 opuscula
978 2838 1060 2901 varii

306 2949 486 3035 argumenti
509 2946 694 3014 Gnidonem
715 2946 790 3012 inde
813 2971 832 3012 a
853 2949 973 3035 pagina
994 2949 1059 3017 449

307 3061 417 3128 -501
450 3063 481 3125 4.
533 3061 629 3126 huius
659 3057 780 3124 codicis
811 3060 936 3145 copiam
965 3059 1058 3125 nobis

304 3173 384 3238 fecit
411 3171 594 3257 benignitas
618 3171 770 3258 Gregorii
797 3171 956 3236 Bartolini
985 3193 1059 3236 cum

304 3307 334 3348 a.
361 3283 591 3351 melitonae
615 3306 895 3348 commoraremur.
