2464 3896
262 331 283 372 Χ
596 330 747 366 munuc.

261 473 343 542 v.16
356 496 404 558 sq.
428 470 608 554 „Caesarea
628 496 731 558 usque
753 472 796 538 ad
817 475 980 542 civitatem
1001 498 1084 560 quae

262 585 419 663 dicitur“;
443 593 555 650 contra
576 609 609 670 p.
622 585 687 654 330
709 589 773 654 v.7
797 609 871 652 cum
893 587 1005 653 codice
1020 589 1085 654 Pa-

262 697 363 763 tisino
377 696 598 783 apographum
608 696 769 764 Leidensc
784 699 867 764 male
881 700 1000 784 repetit
1012 698 1085 781 „Si-
1222 721 1223 744 ¹

262 811 336 876 leon
351 807 481 876 Silecn“
507 819 569 873 etc.
605 818 750 874 ceterum
772 811 993 897 apographum
1007 811 1086 877 Lei-

263 921 362 986 dense
376 919 571 986 foedissimis
586 931 691 986 scatet
711 921 811 1003 vitiis,
835 945 876 986 ex
896 921 1020 990 librarii
1034 923 1084 988 in·

263 1033 358 1100 scitia
372 1033 462 1113 ortis,
484 1056 515 1094 v.
527 1055 559 1118 g.
579 1055 639 1118 pro
655 1029 785 1098 Christo
802 1033 901 1120 (sigla
914 1036 1083 1120 expresso)

262 1143 361 1210 habet
384 1143 540 1228 exemplo,
562 1167 621 1229 pro
642 1144 912 1210 intransmeabilis
932 1145 1030 1210 habet
1049 1147 1084 1210 in

263 1265 365 1322 terras
387 1254 544 1336 meabilis,
564 1278 625 1341 pro
644 1256 837 1344 Tingitanae
859 1255 958 1322 habet
979 1256 1085 1344 digni-
1224 1331 1225 1352 ἒ

263 1377 330 1434 tete
363 1377 425 1432 etc.

308 1416 407 1560 Q’uod
422 1478 560 1562 denique
575 1480 692 1544 attinet
705 1478 748 1546 ad
763 1479 909 1546 codicem
918 1479 1085 1546 Havnien·

264 1614 333 1658 sem
348 1613 402 1656 nc.
414 1590 491 1659 358.
506 1592 559 1672 4⁸⁰,
577 1615 651 1656 cum
666 1615 706 1656 ex
721 1590 861 1658 editione
876 1589 1085 1660 Gronoviana
1225 1591 1226 1656 7

264 1704 344 1769 anni
370 1704 453 1772 1696
476 1712 627 1768 accurate
650 1703 848 1788 exscriptum
870 1726 942 1769 csse
964 1726 1085 1791 cogno-

263 1815 368 1882 vimus
391 1839 432 1880 ex
453 1816 639 1902 specimine,
662 1814 750 1900 quod
763 1814 804 1880 L.
815 1814 968 1880 Muelleri
986 1814 1084 1882 bene-

263 1929 423 1994 volentiae
446 1926 612 1994 debemus.

308 2152 403 2218 Haec
425 2152 466 2216 de
487 2152 680 2218 Ravennati.
725 2152 756 2216 ei
777 2142 986 2223 adiumimus'
1002 2150 1085 2218 Gui-

265 2264 359 2329 donis
381 2263 510 2345 librum,
537 2286 633 2348 quem
654 2285 742 2330 nuno
763 2265 902 2349 primum
922 2264 957 2328 in
977 2264 1085 2330 lucem

263 2375 400 2442 edimus.
437 2375 524 2440 hunc
546 2376 648 2442 multo
670 2375 857 2462 ampliorem
878 2383 911 2440 et
925 2377 1085 2460 antiquio·

263 2511 333 2554 rem
360 2487 543 2554 Ravennati
578 2487 716 2553 credidit
742 2487 934 2554 Theodorus
963 2486 1085 2562 Oehler

264 2599 398 2685 (Rhein.
422 2598 511 2664 Mus.
539 2600 592 2664 mr
613 2600 807 2687 Philologie
833 2599 918 2669 1842
945 2601 1084 2687 p.3111)‚

265 2734 324 2776 nos
354 2721 463 2778 autem
485 2709 671 2778 Guidcnem
699 2721 733 2776 ct
761 2710 954 2778 deteriorem
980 2721 1014 2776 et
1034 2735 1085 2778 re·

263 2824 440 2888 centiorem
462 2846 533 2888 esse
554 2823 739 2890 Ravennati
760 2823 991 2890 existimamus.

309 2933 472 3001 Guidonis
497 2935 677 3021 complures
693 2944 805 3000 extant
820 2934 961 3017 codices,
981 2936 1016 3000 in
1031 2958 1085 3002 ca·

263 3047 382 3134 talogio
405 3049 524 3132 partim
538 3046 737 3113 Ravennatis
758 3069 876 3112 nomen
897 3070 974 3132 prae
988 3069 1024 3112 se
1038 3048 1085 3112 fe·

263 3168 382 3225 rentes.
426 3181 563 3243 quorum
586 3157 812 3224 celeberrimus
835 3168 885 3223 est

287 3273 306 3336 b
337 3270 440 3336 codex
459 3270 679 3336 Bruxellensis
701 3268 935 3352 3899—3918,
957 3268 998 3336 de
1020 3291 1085 3354 quo
