2372 3904
282 309 333 362 158

301 482 313 524 1

300 581 314 626 2

300 686 314 730 3

300 789 315 834 4

300 891 314 936 5

301 994 315 1038 6

301 1099 314 1142 7

301 1203 315 1246 8

503 1076 674 1163 Nigrensis

503 1180 605 1268 Ligar
627 1191 660 1246 et

302 1307 316 1350 a
504 1283 627 1350 Malba.

286 1413 316 1457 10
386 1387 417 1456 9.
462 1387 546 1453 Item
567 1389 657 1454 iuxta
673 1388 839 1456 Oceanum
853 1391 985 1476 ponitur
998 1389 1098 1475 patria

285 1515 314 1560 11
354 1515 435 1577 quae
458 1491 577 1556 dicitur
598 1491 796 1558 Mauritania
817 1493 946 1558 Perosis
969 1493 1022 1558 vel
1042 1490 1097 1558 Sa·

284 1619 315 1664 12
352 1597 506 1678 linarum,
543 1619 625 1680 quae
663 1597 828 1662 confinalis
862 1597 972 1662 existit
1004 1617 1097 1681 supra

285 1723 315 1768 13
354 1701 492 1787 scriptae
520 1699 712 1786 Aethiopiae
733 1700 924 1766 Biboblatis.
975 1701 1009 1764 in
1038 1721 1096 1783 qua

284 1826 316 1871 14
353 1804 520 1869 Perosium
535 1804 732 1869 Mauritania
749 1806 922 1869 maximum
937 1803 1095 1871 desertum

284 1927 315 1974 15
354 1931 424 1974 esse
447 1907 628 1973 ascribitur.
673 1909 707 1972 in
723 1931 786 1992 qua
800 1909 904 1994 patria
919 1916 995 1973 sunt
1009 1929 1094 1971 mon-

285 2035 315 2079 ro
352 2021 402 2076 tes
419 2013 473 2096 qui
488 2010 640 2076 dicuntur
650 2012 744 2076 Litri.
784 2013 875 2078 cuius
889 2011 1012 2098 patriae
1025 2019 1094 2095 post

284 2139 315 2184 17
352 2125 444 2202 terga
465 2117 578 2201 procul
599 2117 683 2180 infra
698 2114 866 2181 Oceanum
887 2126 953 2181 tres
975 2114 1092 2180 insulae
1164 2129 1165 2152 ¹

284 2229 315 2288 1'8
352 2220 569 2283 inveniuntur.
615 2220 706 2285 cuius
734 2220 857 2305 patriae
884 2218 926 2284 ad
950 2220 1092 2300 frontem,

284 2345 315 2390 19
351 2345 409 2408 per
431 2321 596 2386 meridiem
619 2333 726 2389 essent
749 2324 881 2410 espatia‚
902 2323 980 2389 litus
1001 2323 1090 2388 maris

283 2449 315 2495 ao
352 2427 461 2511 magni
481 2427 612 2511 ponitur
632 2428 736 2514 patria
759 2451 840 2511 quae
863 2426 982 2492 (licitur
1002 2427 1090 2494 Mau·

353 2592 365 2634 1
386 2587 448 2635 Usar
465 2591 535 2636 etiam
547 2589 619 2646 Pica,
638 2592 755 2659 Σίσαρος
766 2589 894 2656 ποταμοῦ
906 2585 1018 2657 ἐπιβολαί
1030 2589 1087 2636 Ptol.

352 2661 366 2706 3
386 2660 466 2716 Mina]
486 2659 597 2720 hodieque
614 2673 696 2706 noman
708 2661 785 2720 flavii,
807 2662 923 2720 adquam
941 2661 1089 2708 attuvidaiar
1162 2649 1163 2664 ¹

350 2729 417 2777 Mina
443 2733 498 2778 Aac.
565 2732 579 2778 ὅ
608 2731 742 2778 Tasaccora
759 2733 869 2792 oppidum
886 2734 951 2790 Aac„
978 2733 1088 2780 Tasacora

351 2803 401 2848 1⁶0
421 2803 446 2850 6.
502 2804 515 2847 7
543 2803 667 2861 Nigrensis
685 2803 751 2850 editi.
804 2805 818 2849 9
846 2801 929 2849 Malva
946 2805 1008 2860 Ant,
1036 2807 1087 2854 Mu-

349 2868 416 2923 λούα
434 2869 547 2937 ἐκβολαί
561 2872 633 2930 Prot,
653 2872 764 2920 Malusne
782 2873 845 2920 Plio.
902 2875 932 2920 11
953 2872 1085 2932 Salinarum}
1161 2903 1162 2936 3

350 2943 445 2991 Salinas
457 2945 645 2992 Nubouenenses
664 2943 734 2990 itabat
749 2945 804 2990 Tab.
855 2945 885 2990 12
905 2945 995 3000 existit!
1012 2953 1048 2994 est
1066 2945 1085 2993 C.
1161 2945 1162 2964 ¹

352 3018 383 3062 18
402 3015 515 3074 ethyopia
534 3015 563 3062 B.
590 3015 600 3060 tt
626 3014 757 3062 bibeblatia
774 3015 826 3072 AB,
849 3014 989 3062 bibiablatis
1007 3013 1029 3073 0,
1051 3018 1085 3063 Bi-

349 3086 455 3132 blobatis
474 3086 537 3132 editi.
613 3086 643 3130 15
671 3087 814 3132 adscribitur
831 3087 895 3131 aditi.
964 3087 993 3131 16
1018 3087 1083 3145 Litril

348 3156 460 3215 Lytricus
479 3156 548 3213 adia,-
566 3155 630 3216 os.7
650 3157 693 3202 14.
762 3159 792 3202 17
810 3156 850 3202 Ad
868 3161 915 3204 tras
933 3157 1018 3202 insulas
1035 3163 1083 3205 Ant
1160 3163 1161 3227 t

352 3229 381 3274 19
409 3228 544 3284 meridiem}
563 3227 667 3273 medium
692 3228 761 3284 edita·
790 3226 823 3287 cs.
843 3229 857 3273 7
881 3226 914 3273 17
940 3234 962 3274 ct
983 3228 1028 3274 161
1047 3230 1082 3276 13.

347 3298 359 3342 u
371 3299 468 3356 aspasio
482 3297 506 3344 G.
556 3299 588 3343 20
609 3302 677 3356 quael
691 3299 779 3358 quitria
792 3299 833 3358 qui
845 3299 896 3357 AB,
911 3299 996 3358 quitria
1007 3313 1049 3358 quc
1062 3301 1081 3348 C.
