2372 3904
72 335 104 379 1v
123 337 138 380 2
843 333 895 386 109

92 503 102 544 1
141 503 232 542 mare
254 501 406 564 magnum
421 477 593 546 Ponticum
612 482 781 546 'confinalis
803 505 895 566 prae·

91 605 105 648 a
142 581 252 646 dietae
279 583 441 646 Lazorum
469 585 607 668 patriae,
639 607 735 668 quam
762 585 894 649 Laziam

92 709 106 751 3
144 687 181 749 11
204 688 283 750 Asia
312 687 561 768 nominavimus,
589 689 695 772 patria
722 694 771 752 est
800 711 895 772 quam

94 813 108 855 1
143 791 262 854 transit
284 790 400 854 fluvius
423 791 478 873 qui
500 800 635 854 vocatur
655 790 790 873 Absilis,
814 815 894 878 quae

94 913 107 958 5
145 891 265 958 dieitur
287 892 424 957 Absilia.

96 1017 109 1060 0
182 995 212 1062 2.
256 997 340 1061 Item
369 997 458 1060 iuxta
479 998 583 1081 ipsam
607 999 745 1083 patriam
767 999 896 1082 ponitur

97 1121 109 1163 7
146 1101 252 1184 patria
274 1123 356 1184 quae
379 1099 496 1164 dieitur
518 1099 675 1187 Abasgia,
697 1103 731 1165 in
754 1123 818 1184 qua
839 1101 896 1165 ali·
926 1111 929 1118 '

97 1225 111 1268 a
149 1215 285 1286 quantas
308 1205 408 1268 fuisse
432 1203 579 1268 civitates
601 1205 748 1290 legimus,
773 1229 811 1269 ex
827 1205 897 1289 qui-

98 1328 111 1371 0
147 1306 210 1372 bus
233 1308 412 1391 aliquantas
433 1307 597 1371 nominare
611 1309 770 1389 volumus,
791 1307 827 1372 id
849 1317 898 1372 est

84 1431 112 1474 10
297 1407 501 1494 Damiupolis

84 1534 111 1578 11
299 1511 476 1579 Sevastolis

87 1638 114 1682 12
298 1616 468 1704 Basgidas.

87 1745 115 1788 13
195 1719 280 1784 Nam
316 1719 454 1805 desuper
482 1727 546 1785 iam
575 1721 679 1786 dietas
708 1722 827 1806 patrias
858 1721 900 1786 ad

90 1845 117 1890 14
151 1831 273 1908 partem
312 1825 594 1908 septentrionalem
634 1825 764 1909 ponitur
796 1825 901 1908 patria

89 1948 116 1992 15
154 1949 233 2010 quae
250 1926 370 1991 dieitur
385 1928 573 1992 Alanorum.
618 1928 695 1991 item
709 1927 800 1990 iuxta
814 1951 900 1991 mare

91 2053 118 2097 10
153 2055 304 2118 magnum
333 2030 505 2096 Ponticum
530 2032 661 2117 ponitur
687 2031 791 2115 patria
819 2053 900 2114 quae

92 2157 118 2199 17
152 2134 269 2200 dieitur

94 2263 120 2306 10
301 2235 516 2324 Seymnorum

155 2401 169 2446 1
195 2401 304 2447 lazorum
324 2400 406 2460 (0011.
428 2400 550 2461 lazarum)
572 2398 596 2446 0.
627 2400 637 2445 ΙΙ
662 2399 773 2457 Laziam]
791 2400 854 2446 lazia
871 2401 901 2446 Β.

155 2473 168 2518 3
196 2471 298 2531 asyaB.
327 2470 337 2516 ΙΙ
362 2468 902 2532 10111111111101111011110,01382,-

155 2543 295 2590 6820010.
328 2541 337 2587 ΙΙ
363 2543 441 2600 patria
459 2545 508 2598 est}
527 2543 617 2601 patrita
635 2541 669 2598 B,
699 2542 778 2600 patria
795 2543 827 2598 A,
860 2555 902 2601 pa-

153 2615 222 2660 triam
243 2611 267 2670 0,
288 2615 350 2668 [est]
369 2614 449 2672 patria
467 2612 531 2658 aditi.
559 2612 569 2657 0
594 2613 681 2670 quaml
699 2625 748 2670 qua
764 2613 793 2669 A,
812 2627 857 2657 om.
878 2610 902 2658 0,

155 2686 168 2730 4
188 2697 249 2744 quae
269 2683 370 2740 dieitur]
391 2684 432 2741 qui
450 2684 538 2728 dieitur
555 2684 584 2740 Β,
606 2697 651 2728 orn.
669 2682 698 2727 A.
762 2683 776 2728 ὅ
795 2682 902 2739 Absilial

154 2769 183 2815 ap
196 2757 226 2813 A,
246 2753 352 2813 absiliap
370 2755 400 2810 B,
421 2753 550 2812 absiliaper
569 2751 592 2810 0,
611 2752 724 2812 Absiliap
742 2753 807 2810 0000,
826 2753 904 2800 Asilia

153 2841 228 2885 capra
245 2825 280 2870 38
299 2824 324 2869 3.
381 2825 394 2870 6
417 2827 429 2870 7
449 2825 638 2884 'poniturpatria
656 2838 700 2869 om.
716 2823 739 2869 0.
795 2823 904 2870 711110-

154 2899 194 2956 gia
213 2911 288 2955 snpra
307 2895 341 2941 38
360 2895 384 2941 3.
441 2896 455 2940 9
485 2897 608 2954 designare
628 2891 652 2940 C.
713 2896 743 2940 10
772 2895 905 2953 Damnipo-

153 2967 182 3013 lis
194 2969 223 3024 A,
242 2966 397 3026 Laminpulis
413 2966 434 3012 V
449 2966 491 3011 10.
542 2966 571 3012 11
593 2964 724 3012 sevastolis
740 2967 812 3011 etiam
826 2965 847 3011 V
862 2966 903 3020 10,

155 3031 320 3096 Sevsst'opolis
340 3037 403 3093 editi,
435 3034 592 3096 Seventopoli
611 3035 705 3080 7611.
768 3037 798 3082 10
827 3035 905 3094 balgi-
948 3094 950 3099 ,

157 3110 199 3155 das
220 3108 243 3166 0,
265 3106 353 3168 „forte
370 3107 527 3166 Abasgidas“
551 3105 638 3153 Ponet.
702 3106 733 3152 10
761 3105 903 3162 1111101111]

156 3179 227 3225 Alani
254 3177 320 3235 rab,
352 3171 477 3227 Άλαῦνοι
498 3177 570 3235 Ptol,
602 3171 712 3226 Ἀλανοί
731 3177 829 3236 Dionys.
853 3174 904 3221 alii.

160 3251 190 3296 18
208 3249 383 3310 Seymnoruml
394 3249 548 3308 seyninornm
555 3249 606 3306 AB,
616 3249 784 3308 sehymnorum
793 3261 870 3306 11019.
881 3243 904 3304 0,

160 3319 319 3381 Seyninorum
329 3320 392 3377 editi,
403 3321 556 3385 Σκυμνῖται
564 3318 636 3375 Ptol„
647 3311 816 3383 Σκυμνιάδαι
825 3315 905 3376 stopa
