2408 3892
283 329 336 382 5⁵⁰
962 343 1040 377 ormo
1057 331 1099 376 124

308 501 321 546 1
359 473 575 557 Gaditanum,
608 475 663 540 ubi
694 485 743 540 est
771 475 869 540 Atlas
900 483 933 539 ei
959 475 1099 540 Herculis

306 603 322 648 a
359 579 543 660 columnae,
572 577 671 662 quod,
698 589 735 644 ui
757 579 882 643 dietum
904 587 969 682 epi,
997 578 1100 643 dividit

307 709 322 753 a
358 683 505 747 Afiioam
520 681 562 747 ab
577 683 718 769 Europa,
739 682 972 748 Mauritaniam
985 704 1100 767 quoque

305 809 322 854 4
360 785 402 851 ab
429 785 599 871 Hispania.

307 912 322 958 s
392 888 466 958 123.
510 888 567 954 Ad
589 911 742 954 oooasum
766 899 876 954 autem
897 889 980 955 haeo
1001 888 1100 954 eadem

307 1016 322 1061 s
358 995 464 1080 portio
486 992 586 1057 habet
606 993 687 1057 fines
709 993 989 1078 praenominatum
1010 992 1100 1059 Gadi-

308 1119 322 1163 7
358 1107 471 1162 tanum
481 1106 668 1183 vergentem
684 1119 724 1161 ex
735 1094 869 1162 Oceano
879 1097 1098 1183 spatiosissimo

307 1223 322 1269 a
359 1198 488 1266 Gallico
517 1209 614 1283 atque
636 1199 808 1265 Valeriano
835 1223 893 1266 seu
920 1201 1097 1286 Hispanico.

306 1327 321 1372 a
358 1327 434 1369 uam
455 1304 545 1368 nullo
567 1302 664 1368 modo
680 1303 721 1369 ab
737 1305 878 1389 antiquis
893 1305 1098 1370 traditumre-

289 1429 321 1475 ro
356 1408 480 1493 peritur
513 1407 601 1492 quod
636 1408 700 1473 hoo
735 1432 838 1490 mare,
877 1408 966 1493 quod
993 1408 1097 1473 dieitur

289 1531 320 1578 11
357 1503 534 1598 magnum,¹
560 1511 674 1594 influat
707 1513 775 1577 sive
808 1523 953 1600 emergat
978 1513 1028 1577 vel
1052 1533 1096 1575 oo-

288 1638 321 1684 la
356 1615 487 1701 puletur
508 1616 542 1680 in
565 1617 628 1680 alio
649 1617 721 1680 looo
736 1616 823 1680 mari·
832 1614 966 1682 Oceano
982 1623 1096 1702 praeter

290 1742 321 1788 la
356 1719 390 1783 in
405 1719 552 1804 superius
572 1719 694 1805 scripto
708 1720 800 1784 freto.
838 1719 926 1804 quod
939 1721 1096 1785 terminum

289 1847 322 1892 14
357 1823 489 1887 Afiioae
512 1832 545 1887 et
559 1823 734 1888 uonfinium
747 1823 897 1909 Europae
913 1821 1097 1889 Gaditanum

289 1953 320 1999 1s
357 1926 537 2011 appellatur
559 1934 741 2012 angustum.
788 1925 831 1991 ad
844 1936 970 2012 partem
984 1949 1097 2013 quoque

289 2055 320 2100 la
357 2029 676 2094 meridianam

288 2157 320 2203 1⁷
390 2131 465 2202 124.
516 2119 649 2218 Europa
676 2132 775 2198 habet
801 2134 899 2198 finem
925 2134 966 2199 ab
988 2135 1097 2200 oriente

288 2259 320 2305 ra
356 2237 615 2322 praenominatos
626 2246 751 2302 montes
763 2237 920 2323 Ripheos,
938 2237 1097 2324 exquibus

288 2361 320 2408 la
357 2341 477 2407 Tanais
499 2341 717 2427 praescriptus
740 2341 915 2430 egreditur,
942 2341 983 2408 ab
1004 2341 1097 2407 excel·

393 2495 486 2541 codices
506 2493 555 2555 bfo.
622 2492 657 2555 cf.
669 2495 729 2540 Boo.
743 2494 794 2541 167
815 2497 878 2555 lap.
899 2502 921 2542 et
940 2495 991 2542 323
1009 2495 1024 2538 7
1035 2509 1067 2555 aq.

358 2602 371 2645 1
401 2599 479 2646 atlans
498 2599 532 2661 bf.
561 2599 571 2645 ΙΙ
596 2599 683 2647 arculis
702 2601 723 2648 b.
783 2603 798 2647 2
826 2600 954 2661 columpne
966 2600 992 2662 f.
1027 2601 1036 2646 ΙΙ
1067 2605 1096 2645 esi

356 2672 466 2717 mitiliani
493 2669 528 2731 bf.
632 2673 647 2718 8
676 2673 783 2720 affricam
804 2670 830 2732 f.
911 2674 927 2719 4
959 2673 1057 2732 yspania
1070 2667 1095 2730 j,

355 2742 450 2800 ispania
473 2742 496 2788 b.
557 2741 571 2788 5
600 2755 687 2789 occasu
706 2743 728 2789 b.
792 2745 806 2789 7
835 2757 939 2790 occeano
959 2742 993 2804 bf.
1018 2743 1027 2789 ΙΙ
1050 2754 1096 2801 spa·

356 2812 489 2860 oiosisaimo
511 2810 538 2872 f.
605 2814 619 2859 8
642 2812 815 2874 hyspanieof.
883 2815 897 2860 9
924 2815 1055 2874 repperitur
1077 2810 1094 2856 ὀ.

358 2885 389 2931 11
417 2883 469 2940 vel]
490 2884 540 2930 nive
563 2898 585 2930 o.
653 2885 685 2930 12
705 2899 808 2932 occeano
827 2883 863 2945 hs.
937 2887 968 2932 13
995 2887 1020 2932 in
1036 2895 1095 2942 supe·

354 2956 417 3011 riusl
445 2955 546 3001 inferius
566 2953 593 3015 f.
634 2954 645 2999 ii
684 2955 747 3002 fretu
775 2953 809 3016 bf.
896 2957 926 3002 13
948 2957 981 3002 14
1006 2962 1095 3002 termam

355 3027 436 3072 affrice
458 3022 485 3085 f.
559 3026 590 3072 15
624 3032 682 3085 post
706 3033 835 3086 angustum
857 3041 871 3073 v
894 3027 1015 3074 maricam
1036 3024 1095 3072 habet

354 3098 470 3143 terminus
482 3109 584 3156 europae
597 3102 622 3142 et
634 3097 734 3155 africam
746 3097 969 3156 postmeridianam
982 3103 1017 3156 (o.
1032 3097 1059 3142 16
1062 3097 1072 3150 )
1084 3093 1095 3139 b

354 3168 481 3214 terminum
500 3180 587 3227 europe
606 3173 630 3213 et
648 3168 729 3214 africe.
766 3167 876 3215 lacunam
893 3163 1094 3226 iadicaoiawacs·

352 3238 479 3284 Raa166
497 3237 521 3283 3.
574 3239 605 3284 18
629 3239 733 3299 rypheoa
745 3237 771 3300 f,
790 3240 912 3301 rhypheoa
930 3239 952 3286 b.
1004 3240 1033 3286 19
1051 3238 1095 3284 tha·

352 3320 412 3367 nays
424 3306 450 3367 f,
475 3309 570 3356 thanais
587 3324 608 3355 o.
