2464 3896
113 297 162 344 11
923 291 943 343 ³

132 469 146 510 1
187 440 279 506 libris
302 438 363 504 sub
387 439 561 504 multorum
576 438 803 523 imperatorum
818 449 941 524 tempo-

131 569 147 614 ι
186 544 277 609 ribus
306 543 445 608 mundus
473 545 535 608 iste
565 541 746 627 descriptus
783 553 842 607 est.
893 545 940 608 sic

131 674 146 718 3
187 649 272 712 enim
289 648 334 711 ait
349 647 479 730 quidam
494 645 756 732 philosophorum
781 646 940 727 „Romani

129 776 148 820 4
185 762 252 816 tam
267 775 327 837 per
341 751 530 835 sapientiam
544 749 698 835 plurimos
710 749 939 834 amplectentes

130 881 146 924 s
186 878 284 939 quarn
314 853 500 918 muneribus
526 853 727 918 oblectantes
753 875 811 918 seu
843 855 939 918 armis

130 985 146 1029 s
185 958 386 1023 debellantes
401 967 505 1022 totum
527 957 682 1023 mundum
698 956 759 1021 sibi
775 956 939 1022 subditum

130 1087 146 1130 7
185 1061 296 1126 multis
311 1062 457 1126 fecerunt
472 1061 700 1146 temporibus.“
742 1059 830 1144 quod
845 1070 877 1125 et
892 1071 939 1125 te-

129 1191 145 1236 s
185 1175 291 1229 statur
320 1164 399 1228 mihi
428 1173 575 1230 sanctum
606 1163 727 1230 Christi
754 1163 807 1228 dei
835 1166 939 1229 nostri

129 1295 145 1338 o
185 1269 390 1355 evangelium
405 1268 516 1333 dicens
542 1270 639 1350 „exiit
655 1269 796 1333 edictum
812 1268 852 1333 ab
868 1269 939 1333 Au-

112 1399 145 1442 10
183 1381 282 1458 gusto
298 1369 437 1436 Caesare
457 1381 496 1436 ut
519 1371 755 1437 describeretur
769 1373 937 1438 universus

111 1505 143 1549 11
183 1475 302 1541 orbis.“
349 1475 408 1540 sed
430 1486 462 1540 et
485 1475 632 1541 doctriua
654 1485 838 1540 sauctorum
861 1499 937 1562 apo-

112 1607 144 1653 12
182 1579 340 1644 stolorum
368 1602 426 1664 per
447 1589 551 1644 totum
575 1573 741 1665 divulgata
770 1589 819 1646 est
844 1605 937 1646 mun-

113 1711 145 1756 13
183 1683 278 1764 dum⁷
314 1683 582 1767 quemadmodum
617 1684 771 1768 scriptum
803 1695 852 1750 est
883 1687 937 1767 „in

111 1815 146 1859 14
182 1809 310 1851 onmem
332 1797 452 1852 terram
473 1788 572 1852 exivit
594 1809 692 1852 sonus
715 1811 825 1852 eorum
848 1798 880 1853 et
902 1791 936 1853 in

52 1869 62 1888 ⁶
111 1917 145 1962 15
181 1892 263 1956 fines
286 1891 374 1956 orbis
395 1900 500 1956 terrae
522 1889 621 1954 verba
636 1895 777 1956 eorum.“
809 1915 885 1956 nem
899 1903 936 1957 ut

110 2023 145 2069 ιε
180 1995 395 2081 praelibatum
418 2004 477 2076 est,
501 1991 629 2059 Christo
653 2017 712 2060 nos
734 1996 865 2060 iuvante
887 1996 936 2059 di-

110 2126 144 2170 17
179 2122 276 2164 versa
297 2099 448 2164 subtilius
477 2098 520 2162 ad
549 2097 743 2162 narrandum
770 2109 845 2164 tuae
869 2101 935 2164 ius-

111 2229 144 2274 ts
180 2203 263 2267 sioni
286 2202 416 2288 parebo,
440 2203 473 2266 ni
496 2202 598 2284 fallor,
623 2203 685 2267 nisi
699 2203 806 2267 variae
822 2214 934 2289 gentes

111 2331 143 2376 19
180 2329 241 2374 sua
261 2329 338 2392 prae
361 2308 460 2371 nimia
487 2306 639 2391 superbia
669 2308 933 2392 concupiscentes

109 2434 142 2479 so
179 2410 300 2474 alienas
324 2419 381 2475 aut
402 2410 549 2475 meliores
576 2411 696 2494 patrias
719 2421 775 2475 aut
797 2413 933 2478 fortasse

107 2541 140 2585 21
179 2512 222 2577 ab
250 2514 321 2578 aliis
350 2512 534 2578 nationibus
569 2515 711 2600 graviter
746 2515 885 2580 afflictae
915 2541 934 2581 a

107 2643 141 2690 η
176 2619 317 2704 propriis
339 2617 515 2703 cespitibus
541 2627 769 2683 transmetatae
792 2629 933 2702 suntet,

180 2779 193 2822 1
215 2782 272 2834 post
282 2775 353 2822 libris
365 2775 453 2822 Poreb.
465 2775 533 2822 addit
546 2775 673 2835 {legimust
737 2777 751 2822 2
776 2777 818 2834 sio]
832 2778 933 2823 sicutA.

177 2848 194 2894 3
214 2845 327 2910 Romani]
338 2847 465 2904 „Roment
475 2852 504 2893 ut
513 2847 547 2893 eit
556 2847 711 2904 lamblichus,
724 2849 795 2894 ermis
805 2853 829 2894 et
839 2847 933 2908 legibus

176 2924 317 2964 exercentes
332 2931 396 2976 sese,
413 2919 496 2964 orbem
512 2923 588 2964 terrae
605 2932 674 2963 suum
692 2919 816 2964 fecerunt“
834 2919 932 2964 Jordan.

176 2987 284 3049 derepit.
302 3003 403 3035 success.
422 2990 446 3034 1.
506 2991 520 3034 7
542 2994 567 3034 et
584 2993 685 3034 testatur
703 2990 770 3046 mihil
790 2995 891 3036 testatur
909 2996 933 3036 et

175 3060 201 3106 B
219 3059 284 3105 editi.
357 3061 475 3106 8nostri
494 3060 574 3104 om.B
591 3059 656 3104 editi.
730 3060 932 3120 9evangeliuml

175 3130 234 3177 Luc.
256 3130 315 3175 21.
399 3131 428 3176 11
459 3138 483 3176 et
500 3144 545 3176 om.
563 3131 586 3175 B
605 3131 669 3177 editi.
757 3131 788 3176 13
817 3132 933 3190 seriptum

175 3203 222 3257 eet}
240 3200 330 3247 Peolm.
348 3201 383 3247 18
400 3202 425 3247 5.
509 3203 539 3246 19
568 3203 632 3260 prae]
652 3215 695 3260 pro
714 3201 743 3246 B.
817 3201 849 3247 22
879 3215 932 3246 eae-

176 3272 282 3330 spitibus
300 3271 365 3318 editt.
384 3272 394 3318 ll
409 3277 567 3320 transmeetee
584 3269 671 3318 Porcb.

749 3357 757 3394 ¹
767 3351 777 3372 ι
