2358 3906
108 313 164 362 Vl
874 311 926 368 331

132 483 140 526 1
179 462 241 526 rius
269 458 522 540 nominabimus,
551 460 627 542 quia
653 483 752 524 unum
781 471 813 524 et
839 458 925 524 idem

129 586 142 630 a
178 564 377 650 significant,
406 562 551 645 quamvis
580 561 715 628 diversis
742 561 924 628 nominibus

127 690 141 734 a
176 676 410 752 nuncupentur.
449 664 536 750 quod
558 664 631 730 ideo
654 689 674 730 a
695 665 787 732 nobis
802 668 925 732 factum

125 795 140 838 s
176 779 233 852 est,
257 771 333 854 quia
354 770 500 835 homines
523 767 658 834 diversis
679 770 846 834 vocabulis
868 770 925 835 ab·

126 898 139 942 o
174 884 322 954 utuntur,
350 873 446 938 sicuti
475 895 544 938 mos
573 873 702 938 illorum
730 882 780 938 est
809 881 841 938 el
863 873 924 938 lin-

124 1001 138 1046 s
174 1001 310 1064 guarum
346 975 526 1041 diversitas.
589 999 664 1042 nam
697 977 794 1042 sicuti
828 975 923 1044 divisi

124 1105 137 1149 ⁷
173 1090 248 1146 sunl
270 1081 415 1146 homines
444 1081 477 1144 in
499 1079 600 1161 faeie,
630 1081 676 1146 ita
701 1080 865 1146 hominum
891 1088 923 1148 et

122 1209 136 1252 e
173 1185 338 1249 civitatum
377 1182 532 1249 dividitur
567 1183 705 1268 loquela.
772 1184 923 1250 nimirum

121 1311 135 1356 s
170 1310 334 1371 nunquam
364 1288 482 1351 elenim
510 1287 572 1352 nisi
595 1309 672 1354 oasu
698 1288 813 1352 faciem
836 1287 924 1352 simi-

103 1412 135 1458 lo
169 1393 245 1472 lem,
276 1391 437 1475 loquelam
460 1390 595 1456 eandem
617 1391 651 1456 in
673 1389 855 1458 hominibus
879 1391 924 1456 oi·

102 1517 134 1561 11
168 1497 306 1561 vitatum
321 1493 521 1559 diversarum
537 1495 687 1580 reperies.
726 1504 923 1560 revertamur

104 1618 134 1663 η
168 1600 270 1687 igitur
292 1597 334 1662 ad
357 1597 503 1662 civitates
526 1599 617 1662 iuxta
630 1599 727 1664 litora
740 1599 840 1663 totius
856 1621 923 1664 ma-

103 1723 133 1769 18
169 1705 213 1769 ris
243 1702 354 1789 magni
383 1700 561 1786 supradicti
586 1703 708 1787 positas
736 1713 768 1767 et
791 1725 845 1767 eas
867 1700 923 1766 de-

102 1826 133 1872 14
168 1808 345 1895 signemus.

101 1929 131 1975 ss
201 1909 233 1978 2.
280 1909 402 1972 lterum
425 1917 474 1973 est
501 1908 614 1974 civitas
638 1904 797 1972 Columna
818 1906 923 1994 Regia

102 2033 131 2078 rs
321 2010 479 2076 Aroiades

101 2137 130 2182 17
320 2116 483 2182 Tauriana

100 2243 130 2288 rs
321 2219 450 2284 Vivona
471 2217 624 2284 Valentia

100 2345 130 2391 la
320 2323 435 2388 Tenna

97 2447 130 2494 ao
323 2428 465 2513 Tempsa

169 2594 184 2640 ll
205 2594 269 2647 mos}
283 2603 327 2636 nos
342 2587 366 2635 0.
423 2591 453 2636 12
472 2589 555 2636 littora
575 2588 599 2636 0.
656 2591 687 2636 17
702 2596 760 2648 post
771 2591 922 2651 designemus

170 2661 262 2710 dudd.
287 2660 399 2706 civitates
424 2660 469 2707 iste
492 2665 581 2707 sunto
604 2665 629 2706 et
646 2673 686 2717 x13
714 2667 736 2706 el
757 2662 792 2708 sio
815 2655 922 2722 deinceps

167 2747 221 2792 asq-
234 2732 267 2778 ad
279 2746 300 2778 e.
311 2730 345 2778 11
358 2732 478 2778 civitatum
489 2743 609 2776 summm
622 2733 728 2778 calamia
740 2733 807 2778 initio
819 2735 922 2792 capitam

164 2805 237 2864 pouit
257 2801 281 2849 0.
344 2801 374 2848 15
403 2808 440 2848 est
458 2815 503 2848 om.
522 2802 566 2848 AB
584 2802 648 2848 edili.
685 2801 695 2849 ll
724 2809 782 2861 poet
799 2802 924 2851 eivitasC

168 2873 226 2920 add.
245 2874 272 2920 id
290 2877 335 2920 est.
363 2872 373 2918 ΙΙ
399 2870 519 2920 Columna
537 2872 613 2932 Regia
635 2874 705 2919 saum
724 2873 829 2920 26312
851 2881 874 2920 et
893 2875 920 2932 0,

167 2943 306 3003 columpna
324 2943 401 3003 Regia
424 2944 469 2989 ΑΒ
490 2943 555 2988 edili.
620 2945 650 2989 16
679 2943 789 2992 Aroiadis
808 2945 919 2992 26313.

169 3017 202 3064 17
232 3013 353 3062 Tauriana
375 3015 445 3060 etiam
464 3013 576 3062 26314.
613 3015 623 3060 ll
653 3021 711 3072 post
727 3015 847 3062 Tauriana
862 3030 922 3062 uou-

166 3084 245 3132 ualla
254 3085 324 3132 addit
342 3085 371 3132 G.
445 3085 475 3130 18
505 3085 602 3132 Viboua
613 3084 727 3134 Valentia
743 3085 808 3142 editi,
826 3085 922 3133 Bibona

167 3155 281 3206 Balentia
303 3156 353 3202 2⁶⁴
373 3155 398 3213 3,
426 3155 517 3202 bibone
538 3155 645 3203 valentia
668 3155 696 3201 G.
769 3156 800 3201 19
828 3156 921 3203 Tauum

169 3227 221 3276 2⁶⁴
242 3228 265 3284 l,
290 3233 362 3274 tenuo
383 3225 410 3272 0.
475 3225 506 3272 20
534 3226 638 3287 Tempsa
656 3228 726 3274 eliam
745 3225 795 3274 264
815 3226 831 3272 5
850 3232 873 3272 el
893 3227 919 3285 G,

168 3305 247 3347 tamea
264 3298 307 3344 AB
326 3297 389 3346 edili.
