2404 3896
96 337 186 373 ormo
205 327 236 373 42
875 323 925 378 4⁸1

120 497 136 540 1
208 471 261 541 42.
305 471 390 536 Item
411 473 500 536 iuxta
522 471 658 538 Romam
680 473 733 536 via
747 473 857 558 Appia
878 482 928 538 est

119 597 137 642 2
176 576 288 641 civitas
311 597 392 659 quae
415 575 534 642 dieitur

119 701 137 745 a
324 679 459 745 Bobelia

324 783 432 848 Aritia

325 884 513 952 Velanubus

325 990 407 1056 Tres
429 989 579 1056 tabernas

327 1093 428 1180 Appii
449 1095 570 1160 Forum

323 1197 462 1263 Feronia

323 1297 444 1367 Suessa
465 1302 584 1367 Irunea

100 1425 133 1469 ιο
324 1403 411 1470 Pons
435 1402 618 1491 Campanus

100 1528 131 1571 11
323 1507 465 1574 Urbanis

98 1630 131 1674 12
325 1607 511 1695 Cassinnm,
539 1614 573 1677 in
602 1634 665 1696 quo
695 1621 744 1677 est
766 1620 926 1676 monaste-

99 1735 131 1779 1³
173 1716 256 1780 rium
281 1714 522 1782 celeberrimum
552 1717 656 1782 saneti
678 1714 863 1796 Benedicti,
891 1715 925 1779 in

96 1838 132 1882 14
173 1840 237 1902 quo
258 1817 344 1882 idem
366 1820 416 1883 vir
438 1829 569 1885 sanetus
592 1818 740 1884 omnibus
762 1818 924 1884 miraculis

96 1939 132 1986 15
174 1922 303 1988 effulsit.

98 2047 133 2093 16
323 2023 511 2092 Casulinum

96 2154 132 2198 17
324 2127 436 2216 Capua
457 2139 555 2215 eaput
578 2127 784 2215 Campaniae,
809 2130 924 2196 senilis

98 2256 132 2302 18
174 2234 313 2320 gloriosa
334 2233 520 2319 principalis
544 2243 639 2318 atque
655 2233 923 2319 splendidissima,

98 2359 132 2404 ra
174 2359 239 2402 una
261 2359 301 2401 ex
323 2336 427 2402 tribus
456 2337 554 2424 regiis
582 2359 621 2402 ae
642 2337 791 2419 famosis,
819 2336 924 2402 Roma

96 2463 132 2508 20
175 2441 352 2528 Kartagine
364 2441 497 2525 ipsaque
509 2443 614 2507 tertia.
648 2440 923 2506 hancintercom-

208 2691 299 2738 codices
317 2690 389 2753 bfmr.
615 2689 648 2752 cf.
662 2691 719 2738 Rau.
735 2692 785 2738 276
805 2693 837 2738 16
851 2708 885 2753 sq.

172 2818 187 2862 4
215 2817 296 2863 arania
322 2813 357 2876 bs.
448 2817 462 2862 5
491 2816 531 2863 vel
549 2816 642 2863 annbus
668 2831 713 2874 mr,
739 2817 877 2864 velanubris
895 2816 920 2878 s.

174 2887 264 2933 12-15
296 2885 578 2944 cussinumdffulsit]
606 2887 664 2934 haec
690 2886 772 2948 glossa
795 2901 921 2946 perperam

173 2964 228 3004 aare
243 2956 383 3004 Casulinum
398 2961 489 3004 inserta
506 2965 548 3017 eat,
567 2973 618 3005 mem
631 2957 664 3004 ad
674 2972 735 3019 paq.
746 2959 797 3004 479
817 2958 850 3002 22
863 2971 921 3017 per-

173 3031 255 3085 tineat,
272 3029 314 3074 ubi
325 3028 387 3076 male
399 3028 497 3076 Lasinm
509 3044 558 3088 pro
570 3028 670 3076 Cassius
682 3027 777 3089 leqitar.
833 3028 864 3074 18
884 3043 921 3073 ce-

169 3099 310 3146 leberimum
322 3114 352 3146 m.
395 3102 425 3146 19
445 3103 484 3156 ex]
498 3100 570 3161 etbf.
588 3102 597 3146 ΙΙ
614 3098 722 3160 regisbf.
766 3100 797 3146 20
814 3097 919 3158 tercias.

171 3168 336 3232 cs.Flomu1
359 3172 404 3227 11‚·
419 3186 445 3230 p.
457 3171 489 3216 20
508 3174 574 3218 v.17
592 3171 660 3218 laha.
687 3170 697 3215 ΙΙ
718 3176 776 3228 post
788 3169 921 3227 complures

171 3241 281 3287 lacunam
305 3244 376 3288 crium
399 3256 505 3288 veretrum
527 3250 550 3288 er
573 3241 664 3288 dimidii
682 3255 791 3300 capacem
810 3238 879 3286 habet
897 3239 918 3297 b,

169 3326 217 3358 aon
236 3311 322 3358 habent
336 3311 400 3373 sarar.

721 3396 750 3435 ³1
