2408 3892
95 339 187 376 ovmo
210 327 259 374 121
603 373 606 386 ,
880 323 931 376 547

117 497 131 542 1
196 470 272 541 120.
317 471 401 536 Asia
422 469 545 535 habens
559 470 640 535 fines
661 469 703 534 ab
725 471 847 535 oriente
863 493 931 536 ere-

114 597 132 642 a
173 599 263 640 mum
289 574 402 640 Indiae
424 575 608 639 Dimerioae
635 574 930 640 intransmeabilem

115 701 131 747 3
172 679 322 763 ultraque
346 701 384 742 ea
406 677 467 742 deo
496 685 607 742 nostro
629 677 851 743 tantummodo
875 700 928 743 oo-

113 805 132 850 4
171 783 310 869 gnitum.
355 804 375 845 a
401 790 493 866 parte
521 803 598 844 vero
626 780 804 846 meridiana
830 780 928 846 habet

113 907 131 953 5
169 887 253 951 fines
274 885 357 950 Asia
373 883 541 950 Oceanum
563 884 651 969 quod
672 886 778 972 tangit
799 886 927 950 tertiam

114 1011 131 1056 6
169 988 298 1054 Indiam
324 989 495 1070 maiorem,
524 988 764 1054 Thermatioam
792 999 825 1054 et
850 989 927 1053 Ela-

114 1113 130 1158 7
169 1093 297 1170 mitem3
321 1091 410 1174 quod
427 1092 577 1157 videlieet
592 1090 760 1158 Oceanum
782 1091 928 1157 similiter

114 1215 131 1259 8
168 1196 278 1283 tangit
305 1195 423 1261 Persas
459 1206 492 1261 et
518 1197 647 1263 Arabas
675 1197 926 1284 Aegyptumque

114 1318 130 1363 9
169 1300 364 1366 inferiorem.
423 1323 442 1364 a
471 1310 563 1385 parte
595 1325 672 1366 vero
700 1299 926 1387 septentrionis

96 1423 130 1469 10
169 1403 269 1468 habet
283 1403 367 1468 Asia
379 1403 460 1470 fines
473 1401 641 1470 Oeeanum
652 1405 823 1473 Senianum
835 1426 926 1468 mon·

95 1529 130 1573 11
168 1518 284 1592 tesque
316 1507 470 1593 Ripheos.
533 1532 574 1572 ex
610 1509 728 1593 quibus
762 1507 925 1574 montibus

95 1631 130 1676 12
168 1612 334 1700 egreditur
361 1611 478 1676 fluvius
501 1611 638 1693 Tanais,
668 1615 759 1678 ouius
787 1611 926 1698 plurima

95 1734 130 1780 13
167 1717 274 1782 influit
284 1717 318 1780 in
331 1717 436 1782 sinum
446 1714 574 1801 paludis
585 1715 762 1781 Meotidae.
788 1715 924 1801 proinde

95 1838 131 1882 14
167 1831 256 1888 reete
279 1821 393 1886 eadem
414 1820 507 1906 palus
522 1819 623 1884 Asiae
644 1819 719 1884 finis
743 1819 862 1900 existit,
885 1841 923 1883 eo

94 1940 129 1988 15
167 1925 256 2010 quod
284 1926 404 1990 Tanais
438 1926 523 1990 inter
550 1922 666 1988 Asiam
699 1933 732 1988 et
753 1923 924 2008 'Europam

94 2045 129 2090 1s
167 2029 294 2094 dividit.

94 2151 130 2196 17
195 2132 270 2203 121.
321 2133 390 2197 Alii
422 2141 530 2197 autem
563 2133 738 2218 incongrue
768 2131 924 2196 falluntur

94 2256 130 2301 18
166 2239 364 2304 affirmantes
391 2236 525 2302 fluvium
547 2235 664 2314 Fusio,
695 2236 751 2318 qui
773 2234 814 2298 de
838 2231 924 2299 Cau·

202 2543 296 2590 codices
309 2540 357 2602 bfv.
639 2537 885 2599 chav.1115rq.

169 2686 181 2728 1
210 2689 266 2729 ante
282 2681 342 2727 Asia
364 2680 419 2727 add.
442 2680 570 2726 terminum
594 2681 638 2725 afr.
658 2673 682 2725 a't
700 2693 734 2726 aa.
757 2679 778 2737 t,
806 2680 921 2725 terminus

166 2755 254 2800 africae
276 2757 301 2798 et
318 2765 421 2810 europae
442 2759 470 2796 'a
514 2750 524 2796 ΙΙ
567 2754 687 2807 eremum}
712 2751 826 2796 arentium
849 2755 874 2795 et
894 2747 921 2810 f,

166 2826 255 2872 ereioit'r
273 2830 298 2870 et
315 2839 336 2882 a,
365 2824 451 2871 ereitffi
473 2822 495 2868 b.
569 2823 583 2868 2
612 2822 761 2877 Dimericael
785 2819 878 2867 dim'ioe
894 2818 920 2880 f.

166 2898 181 2944 3
210 2895 377 2943 tantummodo
394 2890 516 2952 nostros.
583 2893 597 2939 ὃ
626 2907 756 2939 occeanum
775 2890 810 2952 bf.
838 2891 848 2936 ΙΙ
873 2895 921 2936 ter-

166 2969 228 3014 ciam
249 2965 274 3027 f.
350 2966 363 3011 7
392 2977 523 3011 occeanum
550 2962 585 3024 bf.
658 2965 672 3010 8
701 2968 725 3009 et
751 2965 861 3008 omittunt
885 2958 919 3021 tf.

164 3038 386 3098 ttAegyptumquel
414 3035 539 3096 Egyptum
561 3047 656 3094 quoque
677 3033 713 3094 s.·
779 3034 809 3078 10
837 3045 920 3077 occea-

164 3123 222 3156 num
241 3107 276 3170 bs.
341 3109 372 3154 11
399 3108 473 3153 rifeos
492 3103 527 3165 bf.
593 3108 624 3151 12
653 3104 748 3151 thanais
766 3117 787 3148 v.
824 3102 834 3148 ΙΙ
867 3101 921 3160 plu-

163 3183 237 3227 rimos
249 3179 276 3240 s,
305 3178 477 3238 parsplun‘rna
494 3178 553 3223 Rau.
612 3177 642 3222 13
661 3174 791 3233 paladisb.
820 3173 830 3218 ΙΙ
856 3186 921 3218 meo-

163 3249 252 3312 tides.
319 3251 351 3296 14
379 3251 462 3296 extitit
479 3263 501 3293 v.
571 3249 601 3294 15
631 3251 717 3305 tanays
729 3244 755 3304 f,
784 3244 879 3291 thanais
897 3259 920 3289 v.

167 3325 198 3369 17
226 3324 358 3380 incongruo
371 3320 396 3382 f.
476 3321 507 3365 18
536 3319 593 3368 fasit
611 3319 632 3376 b,
662 3316 738 3363 sassin
757 3329 778 3362 v.

717 3396 764 3439 ³⁵·
