2376 3904
93 353 164 402 v14

109 524 119 566 1

108 624 121 669 ‘2

109 727 122 770 8

109 830 123 874 4

109 931 122 975 8

110 1038 124 1083 0

111 1244 124 1287 8

112 1347 124 1389 0

98 1450 126 1493 10

97 1554 123 1596 ll

99 1657 126 1702 12

99 1761 126 1806 13

100 1869 128 1913 14

314 500 440 584 Apsum

314 598 452 670 Genesis

312 703 524 770 Durachium.

208 822 242 886 A
273 844 371 909 supra
393 823 515 910 scripta
541 823 671 888 civitate
694 845 776 908 quae
798 821 917 888 dicitur

158 925 294 992 Larissa
317 926 404 992 circa
424 926 496 1012 ipsa
515 925 611 992 litora
632 928 729 992 maris
754 926 916 1012 usquead

161 1029 327 1094 civitatem
342 1051 424 1114 quae
435 1029 618 1096 nominatur
628 1028 830 1095 Durachium
840 1038 916 1096 sunt

160 1133 310 1198 civitates
323 1133 491 1219 sexaginta
505 1156 570 1198 una
585 1141 618 1198 et
627 1141 844 1218 supputantur
857 1134 916 1198 mi·

160 1236 254 1302 liaria
275 1235 362 1300 mille
386 1234 567 1301 duodecim.

194 1339 247 1408 14.
291 1339 414 1404 Iterum
436 1339 550 1405 civitas
572 1339 704 1405 Lissum

314 1441 449 1509 Scodris

312 1545 421 1610 Butua

312 1647 507 1714 Decadoron

311 1751 461 1817 Bicinion

312 1855 493 1941 Epitauron

314 1958 483 2025 Assidium

312 2063 485 2129 Bretorum

166 2291 178 2334 1
202 2287 298 2335 Absura
317 2288 367 2335 206
387 2287 430 2334 11.
486 2289 500 2333 2
524 2286 624 2334 Genesis
642 2287 666 2333 fl.
688 2288 745 2334 Tab.
800 2290 814 2334 3
838 2288 916 2336 Dura·

164 2359 243 2406 chium
262 2359 333 2404 etiam
350 2355 419 2420 infra
437 2364 460 2404 et
478 2359 529 2404 206
548 2359 590 2416 15,
615 2358 764 2419 Dyrachinm
782 2358 847 2417 aditi,
866 2361 916 2419 api-

164 2430 251 2476 daurus
278 2443 339 2488 quaa
367 2443 431 2476 nune
458 2429 593 2476 dirachium
620 2429 730 2488 (additia
756 2429 855 2486 maltis)
887 2430 914 2477 G.

166 2501 179 2548 5
198 2499 282 2548 littora
293 2498 342 2547 BG.
381 2502 394 2546 7
414 2501 541 2559 sexaginta
552 2503 608 2557 una]
626 2502 691 2546 ratio
703 2507 804 2558 constat,
823 2513 877 2548 uxn
890 2500 915 2549 G.

163 2569 300 2617 ilmilliaria
320 2568 343 2617 G.
417 2572 431 2616 8
460 2571 601 2627 duodecim]
624 2581 662 2616 xu
681 2569 706 2618 0.
742 2571 752 2617 il
782 2578 840 2632 post
857 2573 917 2619 duo-

164 2643 241 2688 decim
271 2640 289 2689 G
315 2639 371 2688 aad.
399 2641 511 2688 civitates
537 2642 582 2688 iste
609 2645 666 2687 sunt
691 2653 751 2688 Lxx.
814 2643 828 2690 9
857 2643 917 2689 civi-

163 2718 224 2760 tates
242 2712 287 2758 AB
306 2711 371 2757 editi.
398 2712 408 2758 ΙΙ
433 2711 528 2758 Lissum
551 2714 621 2758 etiam
646 2711 696 2757 206
717 2712 764 2770 175
790 2720 846 2760 ante
863 2713 916 2760 Lis·

163 2797 215 2831 sum
240 2783 260 2829 G
282 2781 351 2828 addit
369 2783 483 2841 pistrum,
510 2788 568 2842 post
585 2781 681 2830 Lissum
705 2783 812 2830 Gadda
836 2785 915 2831 diode.

165 2856 195 2900 10
214 2854 299 2900 scodoe
318 2852 365 2910 AG,
385 2851 478 2900 Scodra
494 2853 559 2912 Ant,
578 2851 669 2900 Scabra
691 2853 756 2914 Tau,
784 2855 868 2902 dodras
887 2854 915 2912 G,

162 2939 224 2971 asna
242 2923 345 2972 Scutari.
419 2926 450 2971 11
478 2923 560 2971 Butna
587 2926 658 2970 otiam
677 2924 728 2972 208
748 2925 770 2982 6,
789 2926 869 2972 bittua
887 2926 915 2982 A,

161 2996 245 3042 budua
263 2994 291 3041 G.
349 2994 379 3039 12
404 2993 547 3041 Deeadaron
566 2993 617 3040 208
637 2993 652 3038 7
671 3001 693 3042 et
713 2995 740 3042 G.
797 2997 827 3042 13
855 2996 917 3042 bizi-

162 3068 219 3112 nion
238 3063 290 3122 AG,
319 3063 462 3112 Buacinium
484 3066 536 3111 208
555 3067 571 3112 8
590 3072 612 3112 et
632 3065 664 3123 G,
690 3066 732 3112 sed
750 3068 820 3126 ponit
842 3080 917 3126 supra

158 3143 215 3196 post
233 3135 344 3182 Scodra.
400 3137 432 3183 14
460 3135 655 3197 epytauronBG,
674 3135 818 3196 Epitaurum
837 3136 917 3182 idest

161 3207 293 3268 Ragusium
307 3203 359 3251 208
377 3206 419 3265 10,
438 3209 574 3266 epitaurum
586 3207 628 3252 ubi
640 3220 704 3253 nunc
715 3213 752 3253 est
763 3207 872 3253 ratisium
888 3206 915 3253 0.

164 3280 195 3325 18
216 3277 303 3324 Zidion
316 3275 367 3322 208
386 3277 429 3323 12.
480 3279 510 3324 16
524 3277 669 3337 praetorium
683 3276 711 3334 G,
724 3276 855 3324 bretonum
864 3275 916 3333 Aa·

164 3347 232 3396 uas
251 3346 303 3395 loco
322 3346 373 3394 208
391 3347 425 3395 18
448 3347 543 3396 Pardua
561 3349 586 3394 id
604 3354 640 3395 est
658 3345 777 3395 Stamnes.
