2378 3902
246 331 299 385 m
981 330 1022 377 IV
1043 331 1078 379 38

467 476 618 542 Fidentia

468 579 551 646 Iulia
591 578 789 664 Chrisopolis
828 600 910 662 quae
953 577 1082 645 dieitur

318 685 435 750 Parma

467 991 628 1079 Lepidum
649 993 773 1079 regium

468 1096 599 1161 Mutina

468 1200 589 1265 Forum
612 1197 780 1265 Gallorum

467 1303 615 1368 Bononia

252 1431 282 1475 ιο
469 1404 657 1472 Claternum

251 1534 281 1578 11
469 1510 555 1575 Foro
578 1507 677 1576 Cerili

251 1635 282 1680 12
467 1613 626 1680 Faventia

250 1743 282 1788 13
468 1716 591 1782 Forum
611 1717 687 1783 Livi

252 1849 282 1892 14
468 1821 590 1886 Forum
611 1821 739 1906 Populi,
762 1829 794 1885 et
816 1819 954 1905 desuper

252 1955 282 1998 15
468 1924 604 1990 Befania

268 506 279 546 1

267 607 281 650 a

266 710 281 754 a

266 813 282 858 4

267 917 281 962 5
468 892 651 957 Tannetum

267 1020 282 1063 e

268 1123 281 1166 7

267 1227 282 1270 e

267 1328 282 1371 a

322 2119 333 2161 1
359 2117 469 2162 Fidentia
486 2119 557 2162 etium
574 2120 630 2162 Ant.
649 2121 672 2161 et
687 2115 752 2172 Tab„
773 2114 852 2161 fidene
870 2113 897 2160 (ι’.
953 2115 968 2158 2
992 2115 1076 2172 griso·

319 2185 382 2245 polis
399 2187 432 2242 A,
465 2187 592 2246 chrispolis
610 2187 644 2244 B,
677 2183 803 2244 crisopolis
823 2182 852 2242 0,
884 2183 1016 2242 chisopolis
1044 2185 1073 2242 G,

319 2255 475 2316 Chrysopolis
487 2256 551 2302 editi.
579 2258 589 2303 ll
615 2256 715 2312 dieitur]
729 2255 897 2302 estABedui.
947 2254 1075 2302 apamia

319 2329 389 2372 etium
413 2327 477 2378 Aut..
504 2321 583 2373 Perna
610 2328 665 2373 Tub.
738 2328 754 2372 4
780 2326 910 2382 Becilluml
934 2325 1074 2372 Brexillum

318 2396 408 2444 Paule&
425 2397 505 2454 Diae,
533 2397 667 2444 Brixellum
685 2396 742 2454 ulii,-
769 2395 844 2442 (laide
866 2399 901 2442 ita
925 2395 988 2441 Iulia
1010 2395 1074 2442 Chi·

318 2467 409 2527 sopolis
428 2481 489 2526 quae
507 2474 531 2514 et
542 2467 628 2516 Parma
639 2483 681 2515 seu
692 2467 810 2514 vexillum
821 2468 916 2514 dicitur.
971 2467 985 2512 t
1004 2466 1074 2513 Tan-

318 2544 400 2586 netum
423 2541 493 2585 etium
513 2539 532 2584 G
555 2555 606 2585 cum
624 2541 679 2585 Aut.
704 2546 726 2584 et
746 2538 810 2595 Tul„
837 2543 944 2584 tanetum
962 2537 985 2581 B
1002 2537 1073 2584 editi.

320 2611 334 2654 u
362 2610 481 2668 Lepidum
503 2611 606 2670 regium]
629 2609 791 2669 Lepidorugio
815 2609 880 2666 Tau,
913 2607 989 2667 Regio
1010 2609 1072 2655 Ant.

320 2681 333 2724 7
352 2681 448 2727 Mutina
459 2683 529 2727 etium
538 2683 593 2727 Aut.
606 2687 629 2726 el
642 2680 705 2738 Tau,
724 2680 823 2726 Murena
833 2679 926 2725 Hieros.
972 2680 987 2724 8
1004 2677 1072 2725 Foro

319 2749 444 2798 Gallorum
474 2752 529 2798 Tub.
609 2753 622 2796 9
655 2751 765 2797 Bononia
793 2752 863 2796 eliam
880 2750 936 2795 Aut.
963 2755 986 2794 et
1010 2749 1073 2796 Tab.

320 2823 352 2868 10
380 2821 493 2869 Claterna
511 2823 615 2880 Hieron,
643 2819 756 2869 Claterna
773 2823 828 2868 Aut.
844 2821 900 2866 Tub.
955 2822 985 2865 ll
1014 2821 1072 2866 foro

319 2893 384 2939 cardi
404 2892 428 2950 Ο,
446 2893 508 2940 Foro
519 2891 616 2939 Comeli
634 2892 692 2938 editi
708 2899 736 2938 ut
753 2893 807 2937 Aut
827 2898 849 2937 et
865 2891 929 2947 Tul„
952 2891 998 2936 fori
1016 2905 1073 2937 eor-

318 2964 376 3010 nelii
391 2963 417 3009 G.
474 2964 505 3008 12
523 2963 639 3010 Faventia
651 2965 722 3009 etium
733 2964 788 3008 Ant.
802 2968 824 3008 et
837 2961 901 3018 Tau,
920 2962 1031 3006 saveneia
1046 2961 1071 3007 0.

321 3036 352 3080 13
379 3035 455 3081 forem
474 3033 499 3080 C.
527 3035 536 3080 ll
561 3035 617 3079 Livi
635 3036 706 3080 etiam
722 3036 778 3079 Aut.
796 3033 891 3079 Hieros.
910 3032 976 3087 Tau,
1003 3031 1073 3079 Liuii

320 3105 404 3160 (luido,
422 3103 468 3150 vili
485 3105 514 3161 A,
533 3103 584 3151 mlii
603 3106 633 3161 B,
652 3105 697 3150 iuli
715 3103 740 3161 (ἶ,
763 3103 818 3150 Iulii
835 3104 900 3149 editi.
958 3103 990 3148 14
1007 3102 1074 3150 Foru

318 3174 405 3234 Populi
423 3175 518 3221 Hieros.
537 3182 559 3221 et
575 3175 639 3231 Tala,
657 3176 735 3222 forum
755 3173 841 3234 popilii
860 3173 913 3230 (lm,
932 3187 995 3218 nunc
1012 3173 1076 3221 Fur-

318 3243 454 3304 limpopoli.
511 3247 541 3292 15
561 3247 670 3304 Belenial
683 3259 744 3292 nuuc
754 3247 851 3292 Bevana
859 3249 923 3290 uiuus
933 3246 997 3290 iuter
1005 3243 1076 3292 Foru

319 3321 342 3361 et
360 3315 455 3362 Cerviu.
