2404 3896
90 367 174 400 ovino
196 355 227 400 29
780 320 782 325 Α
865 351 919 407 469

109 523 122 566 1
163 509 197 563 et
222 509 319 584 portu
349 499 492 563 eiusdem
514 499 641 564 Liotiae
671 501 734 565 sita
761 511 827 581 est,
858 521 918 565 xxx

108 627 122 670 a
162 603 230 666 fere
252 603 389 666 miliaria
411 612 636 688 supputantur.

107 729 123 774 a
196 705 249 774 29.
317 705 487 771 Ydrontus

107 833 123 876 4
277 863 279 868 ,
315 811 511 893 Minervam,
533 811 567 874 in
591 832 654 894 qua
674 813 831 896 templum
852 811 919 877 Mi-

109 939 123 983 s
161 937 292 996 nervae,
312 913 369 978 ubi
380 914 544 980 Anchises
559 912 651 1000 pater
666 914 799 979 Aeneae
814 916 918 1000 primo

108 1041 124 1086 e
161 1019 328 1083 hominem
363 1040 462 1102 equos
496 1027 665 1104 pascentes
699 1018 827 1084 Italiam
862 1017 918 1082 ad-

109 1147 124 1191 1
162 1131 278 1187 vectus
300 1123 478 1207 prospexit,
500 1132 537 1186 ut
559 1123 631 1187 infit
645 1122 813 1210 Virgilius.

109 1251 125 1294 a
313 1226 450 1291 Beretos
474 1247 556 1310 quae
579 1249 666 1290 nuno
687 1227 798 1291 Leuca

110 1353 125 1398 9
315 1329 442 1394 Yentos
467 1352 548 1412 quae
570 1352 658 1394 nuno
680 1331 876 1418 Augentum

92 1447 125 1493 10
314 1432 504 1496 Veientium

92 1551 124 1596 11
313 1535 437 1600 Lubias
460 1535 516 1600 ubi
539 1559 625 1601 nuno
649 1547 699 1602 est
722 1536 876 1624 Calipolis

92 1655 125 1699 12
315 1639 468 1706 Saturum

92 1759 124 1804 13
314 1745 509 1826 Tarentum,
538 1746 652 1809 inolita
680 1767 719 1809 ao
746 1745 865 1832 regalis
887 1755 920 1810 et

92 1861 125 1907 14
164 1849 307 1912 omnium
331 1849 495 1934 copiarum
518 1849 771 1933 opulentissima,
800 1849 834 1912 in
857 1869 921 1932 qua

92 1969 124 2013 15
165 1948 307 2032 Quintus
319 1953 445 2018 Ennius
457 1962 554 2038 poeta
571 1953 812 2036 antiquissimus
829 1972 919 2016 exor-

92 2077 124 2122 16
163 2064 217 2120 tus
240 2054 363 2120 Romae
386 2056 504 2122 floruit.

200 2183 291 2228 codices
310 2182 383 2244 bfnrr.
409 2233 410 2236 Ἴ
634 2183 667 2244 cf.
680 2181 739 2230 Rau.
754 2184 804 2229 261
824 2182 884 2228 262.

167 2281 178 2322 1
198 2279 265 2332 xxx}
284 2278 385 2336 triginta
397 2278 418 2323 t.
462 2279 475 2322 2
496 2277 658 2336 subputantur
669 2293 699 2324 nu.
742 2279 756 2324 3
776 2279 884 2324 iorontus
897 2275 919 2321 b.

165 2349 179 2394 5
209 2361 266 2394 enee
294 2347 367 2408 bfmr.
404 2349 414 2394 ΙΙ
451 2349 529 2408 primo
557 2349 692 2405 hominem]
720 2352 789 2395 inno
816 2349 920 2408 primum

164 2432 242 2465 omen.
293 2422 306 2465 7
325 2419 454 2478 Virgilius]
474 2420 549 2474 virm·
567 2419 663 2465 Aeneid.
678 2421 694 2465 3
712 2419 773 2466 537.
822 2421 836 2465 8
856 2431 920 2464 nunc

159 2495 218 2549 post
226 2488 338 2550 Leucas.
385 2488 581 2550 9augeniumf,
600 2490 723 2537 auleatum
734 2505 779 2536 nur.
828 2491 859 2535 10
878 2501 920 2534 vu-

162 2571 268 2616 lenoium
281 2569 307 2631 f.
364 2571 394 2615 11
414 2554 496 2618 lubias
518 2585 563 2617 mr.
600 2572 610 2618 ll
638 2570 750 2632 fortusse
768 2572 827 2617 ordo
846 2557 935 2615 norrn'-¹

162 2657 217 2688 num
241 2642 350 2687 turbatus
374 2648 415 2687 eat.
458 2642 522 2701 apud
544 2643 703 2688 Rauennatem
727 2643 792 2701 (261
817 2643 849 2686 10
868 2641 918 2698 sq.)

164 2711 275 2772 loquutur
293 2712 462 2770 Brundesium,
482 2713 615 2769 Baletium,
636 2713 728 2773 Lupia,
748 2713 831 2760 deindo
851 2709 917 2768 (2⁶2

164 2784 237 2838 6-8)
266 2783 400 2841 Baletium,
430 2783 558 2842 Neretum,
586 2785 722 2841 Manduria,
751 2782 820 2845 infru
844 2787 919 2827 autem

163 2869 183 2900 c.
197 2854 228 2899 71
248 2853 399 2912 Valentiam,
425 2854 591 2912 Brundisium,
616 2856 710 2914 Liooia,
731 2854 814 2902 deinde
831 2852 921 2898 Valens

162 2927 232 2982 tium,
251 2925 349 2981 Lubias,
370 2923 489 2972 Saturum.
518 2927 528 2972 ll
554 2925 684 2985 Calipolis]
704 2929 829 2972 etiamnum
843 2921 918 2970 Galli·

163 2997 224 3056 poli.
291 2997 320 3042 15
350 2995 466 3053 Quintus]
486 2995 515 3050 Q.
529 2995 593 3057 fmr.
629 2998 639 3043 ll
681 2999 785 3044 Ennium
803 2993 919 3040 Rudinum

162 3069 235 3113 etiam
265 3067 416 3112 Tarentinum
443 3065 565 3126 appellari
597 3069 665 3114 docet
691 3069 848 3126 Hieronymus
878 3061 920 3108 Oo—

164 3137 245 3183 lumnu
266 3127 293 3182 'in
315 3140 365 3182 vitu
383 3137 467 3193 Ennii,
492 3141 536 3184 etsi
559 3153 619 3198 quae
642 3138 745 3184 nanctus
763 3138 921 3194 Hieronymus

163 3212 189 3254 tn
211 3209 323 3254 chronico
342 3209 477 3254 Eunetiano
500 3210 570 3255 habet
594 3209 715 3264 ,Quintus
737 3207 830 3254 Ennius
848 3209 921 3264 poeta

162 3279 262 3326 Tarenti
281 3281 402 3325 nascitur“
422 3282 446 3324 iu
464 3281 561 3326 Eusetiz'
579 3281 680 3326 editione
698 3279 805 3325 armenio
822 3291 869 3321 non
889 3273 922 3319 lo-

162 3356 262 3412 puntur.
