<?xml version="1.0" encoding="UTF-8"?>
<!DOCTYPE html PUBLIC "-//W3C//DTD XHTML 1.0 Transitional//EN"
    "http://www.w3.org/TR/xhtml1/DTD/xhtml1-transitional.dtd">
<html xmlns="http://www.w3.org/1999/xhtml" xml:lang="en" lang="en">
 <head>
  <title>
</title>
<meta http-equiv="Content-Type" content="text/html;charset=utf-8" />
  <meta name='ocr-system' content='tesseract 3.04.00' />
  <meta name='ocr-capabilities' content='ocr_page ocr_carea ocr_par ocr_line ocrx_word'/>
</head>
<body>
  <div class='ocr_page' id='page_1' title='image "./ravennatisanony01ravegoog_0479.png"; bbox 0 0 2530 3902; ppageno 0'>
   <div class='ocr_carea' id='block_1_1' title="bbox 283 302 1109 370">
    <p class='ocr_par' dir='ltr' id='par_1_1' title="bbox 283 302 1109 370">
     <span class='ocr_line' id='line_1_1' title="bbox 283 302 1109 370; baseline 0.006 -5"><span class='ocrx_word' id='word_1_1' title='bbox 283 312 336 366; x_wconf 72' lang='grc'><strong>450</strong></span> <span class='ocrx_word' id='word_1_2' title='bbox 447 302 450 307; x_wconf 51' lang='grc'><strong>’</strong></span> <span class='ocrx_word' id='word_1_3' title='bbox 993 334 1075 370; x_wconf 84' lang='lat' dir='ltr'><strong>ovroo</strong></span> <span class='ocrx_word' id='word_1_4' title='bbox 1094 323 1109 369; x_wconf 78' lang='lat'>2</span> 
     </span>
    </p>
   </div>
   <div class='ocr_carea' id='block_1_2' title="bbox 286 464 1110 1887">
    <p class='ocr_par' dir='ltr' id='par_1_2' title="bbox 286 464 1110 1693">
     <span class='ocr_line' id='line_1_2' title="bbox 307 464 1107 552; baseline 0.011 -26"><span class='ocrx_word' id='word_1_5' title='bbox 307 487 314 533; x_wconf 86' lang='grc' dir='ltr'><strong>ι</strong></span> <span class='ocrx_word' id='word_1_6' title='bbox 355 472 388 527; x_wconf 87' lang='lat' dir='ltr'><strong>et</strong></span> <span class='ocrx_word' id='word_1_7' title='bbox 420 464 563 548; x_wconf 90' lang='lat' dir='ltr'><strong>ipsorum</strong></span> <span class='ocrx_word' id='word_1_8' title='bbox 596 464 888 530; x_wconf 79' lang='lat' dir='ltr'><strong>ecclesiastieorum</strong></span> <span class='ocrx_word' id='word_1_9' title='bbox 926 464 1107 552; x_wconf 79' lang='lat' dir='ltr'><strong>doctorum,</strong></span> 
     </span>
     <span class='ocr_line' id='line_1_3' title="bbox 305 569 1107 651; baseline 0.009 -21"><span class='ocrx_word' id='word_1_10' title='bbox 305 593 318 638; x_wconf 57' lang='grc' dir='ltr'><strong>ιι</strong></span> <span class='ocrx_word' id='word_1_11' title='bbox 356 589 492 651; x_wconf 88' lang='lat' dir='ltr'><strong>quorum</strong></span> <span class='ocrx_word' id='word_1_12' title='bbox 525 569 700 634; x_wconf 89' lang='lat' dir='ltr'><strong>sententias</strong></span> <span class='ocrx_word' id='word_1_13' title='bbox 729 577 761 634; x_wconf 90' lang='lat' dir='ltr'><strong>et</strong></span> <span class='ocrx_word' id='word_1_14' title='bbox 787 569 980 636; x_wconf 79' lang='lat' dir='ltr'><strong>assertiones</strong></span> <span class='ocrx_word' id='word_1_15' title='bbox 1010 594 1107 637; x_wconf 85' lang='lat' dir='ltr'><strong>eano-</strong></span> 
     </span>
     <span class='ocr_line' id='line_1_4' title="bbox 304 672 1108 756; baseline 0.01 -23"><span class='ocrx_word' id='word_1_16' title='bbox 304 699 318 746; x_wconf 73' lang='lat'><strong>3</strong></span> <span class='ocrx_word' id='word_1_17' title='bbox 355 672 477 736; x_wconf 85' lang='lat' dir='ltr'><strong>nizatas</strong></span> <span class='ocrx_word' id='word_1_18' title='bbox 510 694 568 737; x_wconf 89' lang='lat' dir='ltr'><strong>nos</strong></span> <span class='ocrx_word' id='word_1_19' title='bbox 599 695 658 756; x_wconf 89' lang='lat' dir='ltr'><strong>pro</strong></span> <span class='ocrx_word' id='word_1_20' title='bbox 691 695 816 737; x_wconf 88' lang='lat' dir='ltr'><strong>summo</strong></span> <span class='ocrx_word' id='word_1_21' title='bbox 848 673 917 737; x_wconf 87' lang='lat' dir='ltr'><strong>iure</strong></span> <span class='ocrx_word' id='word_1_22' title='bbox 950 674 1108 742; x_wconf 86' lang='lat' dir='ltr'><strong>tenendas</strong></span> 
     </span>
     <span class='ocr_line' id='line_1_5' title="bbox 303 775 1109 850; baseline 0.005 -10"><span class='ocrx_word' id='word_1_23' title='bbox 303 803 319 850; x_wconf 76' lang='lat'>4</span> <span class='ocrx_word' id='word_1_24' title='bbox 357 796 534 841; x_wconf 74' lang='lat' dir='ltr'><strong>censemus.</strong></span> <span class='ocrx_word' id='word_1_25' title='bbox 580 775 730 840; x_wconf 84' lang='lat' dir='ltr'><strong>dixerunt</strong></span> <span class='ocrx_word' id='word_1_26' title='bbox 758 777 842 840; x_wconf 90' lang='lat' dir='ltr'><strong>enim</strong></span> <span class='ocrx_word' id='word_1_27' title='bbox 872 777 968 842; x_wconf 86' lang='lat' dir='ltr'><strong>etiam</strong></span> <span class='ocrx_word' id='word_1_28' title='bbox 991 779 1109 844; x_wconf 90' lang='lat' dir='ltr'><strong>stoioo-</strong></span> 
     </span>
     <span class='ocr_line' id='line_1_6' title="bbox 304 879 1109 969; baseline 0.006 -26"><span class='ocrx_word' id='word_1_29' title='bbox 304 907 318 954; x_wconf 79' lang='lat'>5</span> <span class='ocrx_word' id='word_1_30' title='bbox 356 902 427 944; x_wconf 87' lang='lat' dir='ltr'><strong>rum</strong></span> <span class='ocrx_word' id='word_1_31' title='bbox 450 879 643 965; x_wconf 87' lang='lat' dir='ltr'><strong>philosophi,</strong></span> <span class='ocrx_word' id='word_1_32' title='bbox 673 881 780 944; x_wconf 88' lang='lat' dir='ltr'><strong>omnia</strong></span> <span class='ocrx_word' id='word_1_33' title='bbox 802 879 862 944; x_wconf 92' lang='lat' dir='ltr'><strong>sub</strong></span> <span class='ocrx_word' id='word_1_34' title='bbox 886 881 956 945; x_wconf 89' lang='lat' dir='ltr'><strong>oelo</strong></span> <span class='ocrx_word' id='word_1_35' title='bbox 978 893 1109 969; x_wconf 85' lang='lat' dir='ltr'><strong>propter</strong></span> 
     </span>
     <span class='ocr_line' id='line_1_7' title="bbox 305 983 1109 1070; baseline 0.006 -23"><span class='ocrx_word' id='word_1_36' title='bbox 305 1012 319 1057; x_wconf 69' lang='grc'><strong>6</strong></span> <span class='ocrx_word' id='word_1_37' title='bbox 356 983 513 1064; x_wconf 82' lang='lat' dir='ltr'><strong>homines,</strong></span> <span class='ocrx_word' id='word_1_38' title='bbox 536 1007 613 1070; x_wconf 83' lang='lat' dir='ltr'><strong>ergo</strong></span> <span class='ocrx_word' id='word_1_39' title='bbox 634 984 779 1050; x_wconf 90' lang='lat' dir='ltr'><strong>homines</strong></span> <span class='ocrx_word' id='word_1_40' title='bbox 800 994 932 1070; x_wconf 87' lang='lat' dir='ltr'><strong>propter</strong></span> <span class='ocrx_word' id='word_1_41' title='bbox 952 986 1109 1069; x_wconf 85' lang='lat' dir='ltr'><strong>homines,</strong></span> 
     </span>
     <span class='ocr_line' id='line_1_8' title="bbox 305 1086 1109 1172; baseline 0.005 -20"><span class='ocrx_word' id='word_1_42' title='bbox 305 1115 319 1161; x_wconf 80' lang='lat'>7</span> <span class='ocrx_word' id='word_1_43' title='bbox 356 1096 394 1152; x_wconf 86' lang='lat' dir='ltr'><strong>ut</strong></span> <span class='ocrx_word' id='word_1_44' title='bbox 416 1086 624 1152; x_wconf 82' lang='lat' dir='ltr'><strong>ostenderent</strong></span> <span class='ocrx_word' id='word_1_45' title='bbox 646 1097 679 1151; x_wconf 93' lang='lat' dir='ltr'><strong>et</strong></span> <span class='ocrx_word' id='word_1_46' title='bbox 696 1086 870 1172; x_wconf 81' lang='lat' dir='ltr'><strong>probarent</strong></span> <span class='ocrx_word' id='word_1_47' title='bbox 890 1089 1036 1156; x_wconf 90' lang='lat' dir='ltr'><strong>homines</strong></span> <span class='ocrx_word' id='word_1_48' title='bbox 1051 1090 1109 1156; x_wconf 93' lang='lat' dir='ltr'><strong>ho-</strong></span> 
     </span>
     <span class='ocr_line' id='line_1_9' title="bbox 305 1194 1108 1278; baseline 0.004 -22"><span class='ocrx_word' id='word_1_49' title='bbox 305 1221 320 1266; x_wconf 72' lang='lat' dir='ltr'>g</span> <span class='ocrx_word' id='word_1_50' title='bbox 356 1194 479 1257; x_wconf 92' lang='lat' dir='ltr'><strong>minum</strong></span> <span class='ocrx_word' id='word_1_51' title='bbox 509 1213 607 1256; x_wconf 84' lang='lat' dir='ltr'><strong>eausa</strong></span> <span class='ocrx_word' id='word_1_52' title='bbox 639 1200 750 1274; x_wconf 89' lang='lat' dir='ltr'><strong>natos,</strong></span> <span class='ocrx_word' id='word_1_53' title='bbox 783 1201 816 1256; x_wconf 87' lang='lat' dir='ltr'><strong>et</strong></span> <span class='ocrx_word' id='word_1_54' title='bbox 848 1215 1108 1278; x_wconf 89' lang='lat' dir='ltr'><strong>unumquemque</strong></span> 
     </span>
     <span class='ocr_line' id='line_1_10' title="bbox 305 1294 1108 1370; baseline 0.002 -9"><span class='ocrx_word' id='word_1_55' title='bbox 305 1294 1108 1370; x_wconf 55' lang='lat' dir='ltr'><strong>ommmfflfflmfflme</strong></span> 
     </span>
     <span class='ocr_line' id='line_1_11' title="bbox 289 1397 1109 1485; baseline 0.005 -21"><span class='ocrx_word' id='word_1_56' title='bbox 289 1427 321 1472; x_wconf 79' lang='lat' dir='ltr'><strong>to</strong></span> <span class='ocrx_word' id='word_1_57' title='bbox 357 1399 442 1465; x_wconf 90' lang='lat' dir='ltr'><strong>uude</strong></span> <span class='ocrx_word' id='word_1_58' title='bbox 466 1401 562 1464; x_wconf 86' lang='lat' dir='ltr'><strong>etiam</strong></span> <span class='ocrx_word' id='word_1_59' title='bbox 584 1400 618 1464; x_wconf 88' lang='lat' dir='ltr'><strong>in</strong></span> <span class='ocrx_word' id='word_1_60' title='bbox 638 1398 766 1464; x_wconf 88' lang='lat' dir='ltr'><strong>laudem</strong></span> <span class='ocrx_word' id='word_1_61' title='bbox 779 1398 947 1466; x_wconf 85' lang='lat' dir='ltr'><strong>Utinensis</strong></span> <span class='ocrx_word' id='word_1_62' title='bbox 964 1397 1109 1485; x_wconf 78' lang='lat' dir='ltr'><strong>Catonis,</strong></span> 
     </span>
     <span class='ocr_line' id='line_1_12' title="bbox 288 1502 1110 1590; baseline 0.004 -22"><span class='ocrx_word' id='word_1_63' title='bbox 288 1531 318 1576; x_wconf 90' lang='lat'><strong>11</strong></span> <span class='ocrx_word' id='word_1_64' title='bbox 357 1505 413 1588; x_wconf 93' lang='lat' dir='ltr'><strong>qui</strong></span> <span class='ocrx_word' id='word_1_65' title='bbox 436 1502 524 1589; x_wconf 86' lang='lat' dir='ltr'><strong>apud</strong></span> <span class='ocrx_word' id='word_1_66' title='bbox 538 1503 703 1568; x_wconf 88' lang='lat' dir='ltr'><strong>Romanos</strong></span> <span class='ocrx_word' id='word_1_67' title='bbox 726 1502 855 1570; x_wconf 85' lang='lat' dir='ltr'><strong>habitus</strong></span> <span class='ocrx_word' id='word_1_68' title='bbox 872 1512 921 1568; x_wconf 89' lang='lat' dir='ltr'><strong>est</strong></span> <span class='ocrx_word' id='word_1_69' title='bbox 941 1504 1110 1590; x_wconf 85' lang='lat' dir='ltr'><strong>sapientis-</strong></span> 
     </span>
     <span class='ocr_line' id='line_1_13' title="bbox 286 1606 1015 1693; baseline 0 -20"><span class='ocrx_word' id='word_1_70' title='bbox 286 1635 320 1680; x_wconf 57' lang='lat'><strong>‘12</strong></span> <span class='ocrx_word' id='word_1_71' title='bbox 358 1610 471 1690; x_wconf 83' lang='lat' dir='ltr'><strong>simus,</strong></span> <span class='ocrx_word' id='word_1_72' title='bbox 492 1607 645 1673; x_wconf 83' lang='lat' dir='ltr'><strong>Lucanus</strong></span> <span class='ocrx_word' id='word_1_73' title='bbox 669 1606 946 1693; x_wconf 81' lang='lat' dir='ltr'><strong>historiographus</strong></span> <span class='ocrx_word' id='word_1_74' title='bbox 968 1609 1015 1673; x_wconf 89' lang='lat' dir='ltr'><strong>ita</strong></span> 
     </span>
    </p>

    <p class='ocr_par' dir='ltr' id='par_1_3' title="bbox 289 1710 1110 1887">
     <span class='ocr_line' id='line_1_14' title="bbox 289 1710 1110 1798; baseline 0 -20"><span class='ocrx_word' id='word_1_75' title='bbox 289 1739 320 1784; x_wconf 68' lang='grc' dir='ltr'><strong>ιε</strong></span> <span class='ocrx_word' id='word_1_76' title='bbox 423 1733 484 1778; x_wconf 87' lang='lat' dir='ltr'><strong>neo</strong></span> <span class='ocrx_word' id='word_1_77' title='bbox 507 1711 568 1776; x_wconf 84' lang='lat' dir='ltr'><strong>sibi</strong></span> <span class='ocrx_word' id='word_1_78' title='bbox 592 1710 650 1778; x_wconf 90' lang='lat' dir='ltr'><strong>sed</strong></span> <span class='ocrx_word' id='word_1_79' title='bbox 671 1712 732 1776; x_wconf 89' lang='lat' dir='ltr'><strong>toti</strong></span> <span class='ocrx_word' id='word_1_80' title='bbox 754 1711 900 1798; x_wconf 85' lang='lat' dir='ltr'><strong>genitum</strong></span> <span class='ocrx_word' id='word_1_81' title='bbox 922 1733 957 1776; x_wconf 89' lang='lat' dir='ltr'><strong>se</strong></span> <span class='ocrx_word' id='word_1_82' title='bbox 979 1711 1110 1778; x_wconf 86' lang='lat' dir='ltr'><strong>eredere</strong></span> 
     </span>
     <span class='ocr_line' id='line_1_15' title="bbox 289 1814 962 1887; baseline -0.01 0"><span class='ocrx_word' id='word_1_83' title='bbox 289 1842 321 1887; x_wconf 80' lang='lat'><strong>14</strong></span> <span class='ocrx_word' id='word_1_84' title='bbox 831 1814 962 1880; x_wconf 88' lang='lat' dir='ltr'><strong>mundo.</strong></span> 
     </span>
    </p>
   </div>
   <div class='ocr_carea' id='block_1_3' title="bbox 289 1917 1143 2634">
    <p class='ocr_par' dir='ltr' id='par_1_4' title="bbox 289 1917 1143 2634">
     <span class='ocr_line' id='line_1_16' title="bbox 290 1917 1110 2005; baseline 0 -20"><span class='ocrx_word' id='word_1_85' title='bbox 290 1945 319 1993; x_wconf 75' lang='lat'><strong>15</strong></span> <span class='ocrx_word' id='word_1_86' title='bbox 357 1919 551 1986; x_wconf 90' lang='lat' dir='ltr'><strong>Ambrosius</strong></span> <span class='ocrx_word' id='word_1_87' title='bbox 573 1942 650 1986; x_wconf 84' lang='lat' dir='ltr'><strong>vero</strong></span> <span class='ocrx_word' id='word_1_88' title='bbox 673 1917 785 1984; x_wconf 87' lang='lat' dir='ltr'><strong>doctor</strong></span> <span class='ocrx_word' id='word_1_89' title='bbox 807 1919 957 2005; x_wconf 80' lang='lat' dir='ltr'><strong>egregius</strong></span> <span class='ocrx_word' id='word_1_90' title='bbox 979 1921 1012 1984; x_wconf 92' lang='lat' dir='ltr'><strong>in</strong></span> <span class='ocrx_word' id='word_1_91' title='bbox 1026 1919 1110 1988; x_wconf 90' lang='lat' dir='ltr'><strong>libro</strong></span> 
     </span>
     <span class='ocr_line' id='line_1_17' title="bbox 289 2019 1111 2106; baseline 0 -17"><span class='ocrx_word' id='word_1_92' title='bbox 289 2052 320 2096; x_wconf 69' lang='lat'><strong>15</strong></span> <span class='ocrx_word' id='word_1_93' title='bbox 358 2024 399 2089; x_wconf 92' lang='lat' dir='ltr'><strong>de</strong></span> <span class='ocrx_word' id='word_1_94' title='bbox 421 2024 548 2106; x_wconf 77' lang='lat' dir='ltr'><strong>officiis,</strong></span> <span class='ocrx_word' id='word_1_95' title='bbox 570 2023 677 2088; x_wconf 87' lang='lat' dir='ltr'><strong>Maroi</strong></span> <span class='ocrx_word' id='word_1_96' title='bbox 693 2023 793 2088; x_wconf 87' lang='lat' dir='ltr'><strong>Tullii</strong></span> <span class='ocrx_word' id='word_1_97' title='bbox 815 2019 980 2089; x_wconf 80' lang='lat' dir='ltr'><strong>Ciceronis</strong></span> <span class='ocrx_word' id='word_1_98' title='bbox 1003 2033 1036 2088; x_wconf 86' lang='lat' dir='ltr'><strong>et</strong></span> <span class='ocrx_word' id='word_1_99' title='bbox 1059 2047 1111 2089; x_wconf 91' lang='lat' dir='ltr'><strong>oe-</strong></span> 
     </span>
     <span class='ocr_line' id='line_1_18' title="bbox 290 2126 1109 2212; baseline 0.001 -20"><span class='ocrx_word' id='word_1_100' title='bbox 290 2159 320 2202; x_wconf 77' lang='lat'><strong>17</strong></span> <span class='ocrx_word' id='word_1_101' title='bbox 357 2137 500 2193; x_wconf 82' lang='lat' dir='ltr'><strong>tororum</strong></span> <span class='ocrx_word' id='word_1_102' title='bbox 529 2127 585 2211; x_wconf 90' lang='lat' dir='ltr'><strong>qui</strong></span> <span class='ocrx_word' id='word_1_103' title='bbox 607 2126 648 2192; x_wconf 89' lang='lat' dir='ltr'><strong>de</strong></span> <span class='ocrx_word' id='word_1_104' title='bbox 671 2127 786 2192; x_wconf 80' lang='lat' dir='ltr'><strong>officiis</strong></span> <span class='ocrx_word' id='word_1_105' title='bbox 809 2128 966 2212; x_wconf 82' lang='lat' dir='ltr'><strong>scripsere</strong></span> <span class='ocrx_word' id='word_1_106' title='bbox 987 2128 1109 2194; x_wconf 83' lang='lat' dir='ltr'><strong>faciens</strong></span> 
     </span>
     <span class='ocr_line' id='line_1_19' title="bbox 290 2230 1109 2313; baseline 0.002 -18"><span class='ocrx_word' id='word_1_107' title='bbox 290 2259 321 2306; x_wconf 75' lang='lat'><strong>18</strong></span> <span class='ocrx_word' id='word_1_108' title='bbox 358 2232 564 2313; x_wconf 86' lang='lat' dir='ltr'><strong>mentionem,</strong></span> <span class='ocrx_word' id='word_1_109' title='bbox 586 2232 649 2296; x_wconf 93' lang='lat' dir='ltr'><strong>hoo</strong></span> <span class='ocrx_word' id='word_1_110' title='bbox 671 2230 757 2295; x_wconf 89' lang='lat' dir='ltr'><strong>idem</strong></span> <span class='ocrx_word' id='word_1_111' title='bbox 780 2232 905 2313; x_wconf 82' lang='lat' dir='ltr'><strong>asserit,</strong></span> <span class='ocrx_word' id='word_1_112' title='bbox 928 2231 1038 2296; x_wconf 87' lang='lat' dir='ltr'><strong>dioens</strong></span> <span class='ocrx_word' id='word_1_113' title='bbox 1055 2255 1109 2298; x_wconf 90' lang='lat' dir='ltr'><strong>eos</strong></span> 
     </span>
     <span class='ocr_line' id='line_1_20' title="bbox 291 2334 1111 2407; baseline 0.002 -8"><span class='ocrx_word' id='word_1_114' title='bbox 291 2363 321 2407; x_wconf 81' lang='lat'><strong>19</strong></span> <span class='ocrx_word' id='word_1_115' title='bbox 358 2335 440 2400; x_wconf 86' lang='lat' dir='ltr'><strong>haee</strong></span> <span class='ocrx_word' id='word_1_116' title='bbox 462 2359 482 2400; x_wconf 86' lang='lat' dir='ltr'><strong>a</strong></span> <span class='ocrx_word' id='word_1_117' title='bbox 503 2334 620 2402; x_wconf 84' lang='lat' dir='ltr'><strong>divinis</strong></span> <span class='ocrx_word' id='word_1_118' title='bbox 649 2335 766 2400; x_wconf 90' lang='lat' dir='ltr'><strong>veteris</strong></span> <span class='ocrx_word' id='word_1_119' title='bbox 794 2337 978 2400; x_wconf 81' lang='lat' dir='ltr'><strong>testamenti</strong></span> <span class='ocrx_word' id='word_1_120' title='bbox 1000 2345 1111 2401; x_wconf 87' lang='lat' dir='ltr'><strong>auoto-</strong></span> 
     </span>
     <span class='ocr_line' id='line_1_21' title="bbox 289 2437 1111 2526; baseline 0.001 -22"><span class='ocrx_word' id='word_1_121' title='bbox 289 2467 321 2512; x_wconf 77' lang='lat'><strong>20</strong></span> <span class='ocrx_word' id='word_1_122' title='bbox 359 2438 448 2504; x_wconf 90' lang='lat' dir='ltr'><strong>ribus</strong></span> <span class='ocrx_word' id='word_1_123' title='bbox 464 2438 627 2521; x_wconf 86' lang='lat' dir='ltr'><strong>habuisse,</strong></span> <span class='ocrx_word' id='word_1_124' title='bbox 641 2461 764 2524; x_wconf 90' lang='lat' dir='ltr'><strong>ponens</strong></span> <span class='ocrx_word' id='word_1_125' title='bbox 779 2437 859 2504; x_wconf 85' lang='lat' dir='ltr'><strong>iilud</strong></span> <span class='ocrx_word' id='word_1_126' title='bbox 875 2438 962 2522; x_wconf 90' lang='lat' dir='ltr'><strong>quod</strong></span> <span class='ocrx_word' id='word_1_127' title='bbox 976 2439 1111 2526; x_wconf 88' lang='lat' dir='ltr'><strong>Moyses</strong></span> 
     </span>
     <span class='ocr_line' id='line_1_22' title="bbox 289 2541 1143 2634; baseline 0.005 -28"><span class='ocrx_word' id='word_1_128' title='bbox 289 2570 319 2616; x_wconf 76' lang='lat'><strong>21</strong></span> <span class='ocrx_word' id='word_1_129' title='bbox 358 2544 391 2606; x_wconf 91' lang='lat' dir='ltr'><strong>in</strong></span> <span class='ocrx_word' id='word_1_130' title='bbox 424 2542 507 2608; x_wconf 92' lang='lat' dir='ltr'><strong>libro</strong></span> <span class='ocrx_word' id='word_1_131' title='bbox 537 2541 675 2608; x_wconf 87' lang='lat' dir='ltr'><strong>Genesis</strong></span> <span class='ocrx_word' id='word_1_132' title='bbox 710 2542 749 2610; x_wconf 90' lang='lat' dir='ltr'><strong>de</strong></span> <span class='ocrx_word' id='word_1_133' title='bbox 782 2544 943 2608; x_wconf 82' lang='lat' dir='ltr'><strong>creatione</strong></span> <span class='ocrx_word' id='word_1_134' title='bbox 976 2543 1111 2610; x_wconf 85' lang='lat' dir='ltr'><strong>secundi</strong></span> <span class='ocrx_word' id='word_1_135' title='bbox 1139 2625 1143 2634; x_wconf 26' lang='lat'><strong>¹</strong></span> 
     </span>
    </p>
   </div>
   <div class='ocr_carea' id='block_1_4' title="bbox 394 2703 576 2766">
    <p class='ocr_par' dir='ltr' id='par_1_5' title="bbox 394 2703 576 2766">
     <span class='ocr_line' id='line_1_23' title="bbox 394 2703 576 2766; baseline 0 -16"><span class='ocrx_word' id='word_1_136' title='bbox 394 2706 485 2750; x_wconf 76' lang='lat' dir='ltr'><strong>codices</strong></span> <span class='ocrx_word' id='word_1_137' title='bbox 503 2703 576 2766; x_wconf 76' lang='lat' dir='ltr'><strong>hfmr.</strong></span> 
     </span>
    </p>
   </div>
   <div class='ocr_carea' id='block_1_5' title="bbox 319 2808 1111 3368">
    <p class='ocr_par' dir='ltr' id='par_1_6' title="bbox 319 2808 1111 3368">
     <span class='ocr_line' id='line_1_24' title="bbox 360 2808 1111 2873; baseline 0.003 -16"><span class='ocrx_word' id='word_1_138' title='bbox 360 2811 374 2857; x_wconf 79' lang='lat'><strong>2</strong></span> <span class='ocrx_word' id='word_1_139' title='bbox 394 2812 527 2857; x_wconf 81' lang='lat' dir='ltr'><strong>sentencias</strong></span> <span class='ocrx_word' id='word_1_140' title='bbox 539 2817 564 2858; x_wconf 85' lang='lat' dir='ltr'><strong>et</strong></span> <span class='ocrx_word' id='word_1_141' title='bbox 575 2810 719 2857; x_wconf 72' lang='lat' dir='ltr'><strong>asserciones</strong></span> <span class='ocrx_word' id='word_1_142' title='bbox 731 2808 757 2870; x_wconf 88' lang='lat' dir='ltr'><strong>s.</strong></span> <span class='ocrx_word' id='word_1_143' title='bbox 796 2811 810 2857; x_wconf 81' lang='lat'><strong>3</strong></span> <span class='ocrx_word' id='word_1_144' title='bbox 830 2811 882 2858; x_wconf 87' lang='lat' dir='ltr'><strong>iure</strong></span> <span class='ocrx_word' id='word_1_145' title='bbox 895 2827 939 2858; x_wconf 89' lang='lat' dir='ltr'><strong>om.</strong></span> <span class='ocrx_word' id='word_1_146' title='bbox 946 2809 972 2873; x_wconf 91' lang='lat' dir='ltr'><strong>s.</strong></span> <span class='ocrx_word' id='word_1_147' title='bbox 1010 2815 1025 2858; x_wconf 87' lang='grc'><strong>4</strong></span> <span class='ocrx_word' id='word_1_148' title='bbox 1044 2817 1111 2873; x_wconf 85' lang='lat' dir='ltr'><strong>stoy-</strong></span> 
     </span>
     <span class='ocr_line' id='line_1_25' title="bbox 358 2882 1110 2944; baseline 0.005 -17"><span class='ocrx_word' id='word_1_149' title='bbox 358 2895 440 2927; x_wconf 86' lang='lat' dir='ltr'><strong>corum</strong></span> <span class='ocrx_word' id='word_1_150' title='bbox 457 2882 508 2942; x_wconf 83' lang='lat' dir='ltr'><strong>phy</strong></span> <span class='ocrx_word' id='word_1_151' title='bbox 525 2897 555 2927; x_wconf 86' lang='lat' dir='ltr'><strong>m.</strong></span> <span class='ocrx_word' id='word_1_152' title='bbox 610 2883 625 2928; x_wconf 86' lang='lat'><em>8</em></span> <span class='ocrx_word' id='word_1_153' title='bbox 652 2895 838 2940; x_wconf 82' lang='lat' dir='ltr'><strong>unumquenque</strong></span> <span class='ocrx_word' id='word_1_154' title='bbox 855 2897 900 2929; x_wconf 82' lang='lat' dir='ltr'><strong>mr.</strong></span> <span class='ocrx_word' id='word_1_155' title='bbox 955 2885 969 2929; x_wconf 89' lang='grc'>9</span> <span class='ocrx_word' id='word_1_156' title='bbox 998 2889 1034 2930; x_wconf 83' lang='lat' dir='ltr'><strong>set</strong></span> <span class='ocrx_word' id='word_1_157' title='bbox 1045 2882 1110 2944; x_wconf 85' lang='lat' dir='ltr'><strong>fmr.</strong></span> 
     </span>
     <span class='ocr_line' id='line_1_26' title="bbox 319 2951 1110 3015; baseline 0.004 -18"><span class='ocrx_word' id='word_1_158' title='bbox 319 2999 321 3004; x_wconf 68' lang='grc'>,</span> <span class='ocrx_word' id='word_1_159' title='bbox 362 2955 390 2998; x_wconf 89' lang='lat' dir='ltr'><strong>ll</strong></span> <span class='ocrx_word' id='word_1_160' title='bbox 410 2967 523 3000; x_wconf 79' lang='lat' dir='ltr'><strong>romanus</strong></span> <span class='ocrx_word' id='word_1_161' title='bbox 534 2951 574 3013; x_wconf 83' lang='lat' dir='ltr'><strong>fr.</strong></span> <span class='ocrx_word' id='word_1_162' title='bbox 614 2953 644 2998; x_wconf 79' lang='lat'><strong>12</strong></span> <span class='ocrx_word' id='word_1_163' title='bbox 662 2952 787 3009; x_wconf 81' lang='lat' dir='ltr'><strong>Lucanus]</strong></span> <span class='ocrx_word' id='word_1_164' title='bbox 798 2953 940 3000; x_wconf 57' lang='lat' dir='ltr'><strong>Phariam</strong></span> <span class='ocrx_word' id='word_1_165' title='bbox 958 2955 1018 3001; x_wconf 84' lang='lat'><strong><em>383.</em></strong></span> <span class='ocrx_word' id='word_1_166' title='bbox 1037 2955 1047 3000; x_wconf 93' lang='grc' dir='ltr'><strong>ΙΙ</strong></span> <span class='ocrx_word' id='word_1_167' title='bbox 1065 2956 1110 3015; x_wconf 83' lang='lat' dir='ltr'><strong>hy·</strong></span> 
     </span>
     <span class='ocr_line' id='line_1_27' title="bbox 358 3023 1109 3086; baseline 0.003 -16"><span class='ocrx_word' id='word_1_168' title='bbox 358 3024 540 3082; x_wconf 84' lang='lat' dir='ltr'><strong>storiographus</strong></span> <span class='ocrx_word' id='word_1_169' title='bbox 557 3038 602 3079; x_wconf 86' lang='lat' dir='ltr'><strong>mr,</strong></span> <span class='ocrx_word' id='word_1_170' title='bbox 620 3024 818 3083; x_wconf 81' lang='lat' dir='ltr'><strong>ystoriographus</strong></span> <span class='ocrx_word' id='word_1_171' title='bbox 830 3023 856 3085; x_wconf 82' lang='lat' dir='ltr'><strong>s,</strong></span> <span class='ocrx_word' id='word_1_172' title='bbox 878 3026 1068 3086; x_wconf 77' lang='lat' dir='ltr'><strong>Istoriographus</strong></span> <span class='ocrx_word' id='word_1_173' title='bbox 1086 3025 1109 3072; x_wconf 83' lang='lat' dir='ltr'><strong>b.</strong></span> 
     </span>
     <span class='ocr_line' id='line_1_28' title="bbox 361 3094 1108 3154; baseline 0.001 -14"><span class='ocrx_word' id='word_1_174' title='bbox 361 3096 393 3140; x_wconf 81' lang='lat'><strong>13</strong></span> <span class='ocrx_word' id='word_1_175' title='bbox 412 3096 454 3141; x_wconf 85' lang='lat' dir='ltr'><strong>sed</strong></span> <span class='ocrx_word' id='word_1_176' title='bbox 467 3094 513 3142; x_wconf 86' lang='lat' dir='ltr'><strong>soli</strong></span> <span class='ocrx_word' id='word_1_177' title='bbox 526 3096 632 3154; x_wconf 81' lang='lat' dir='ltr'><strong>genitum</strong></span> <span class='ocrx_word' id='word_1_178' title='bbox 644 3107 669 3140; x_wconf 89' lang='lat' dir='ltr'><strong>se</strong></span> <span class='ocrx_word' id='word_1_179' title='bbox 681 3109 726 3151; x_wconf 82' lang='lat' dir='ltr'><strong>mr,</strong></span> <span class='ocrx_word' id='word_1_180' title='bbox 746 3109 772 3140; x_wconf 86' lang='lat' dir='ltr'><strong>so</strong></span> <span class='ocrx_word' id='word_1_181' title='bbox 782 3094 828 3141; x_wconf 89' lang='lat' dir='ltr'><strong>soli</strong></span> <span class='ocrx_word' id='word_1_182' title='bbox 841 3097 948 3154; x_wconf 85' lang='lat' dir='ltr'><strong>genitum</strong></span> <span class='ocrx_word' id='word_1_183' title='bbox 962 3098 1004 3143; x_wconf 87' lang='lat' dir='ltr'><strong>sed</strong></span> <span class='ocrx_word' id='word_1_184' title='bbox 1015 3102 1067 3142; x_wconf 82' lang='lat' dir='ltr'><strong>toto</strong></span> <span class='ocrx_word' id='word_1_185' title='bbox 1086 3095 1108 3154; x_wconf 75' lang='lat' dir='ltr'><strong>b,</strong></span> 
     </span>
     <span class='ocr_line' id='line_1_29' title="bbox 359 3162 1110 3228; baseline 0 -16"><span class='ocrx_word' id='word_1_186' title='bbox 359 3165 405 3212; x_wconf 87' lang='lat' dir='ltr'><strong>soli</strong></span> <span class='ocrx_word' id='word_1_187' title='bbox 417 3167 524 3224; x_wconf 81' lang='lat' dir='ltr'><strong>genitum</strong></span> <span class='ocrx_word' id='word_1_188' title='bbox 536 3171 573 3212; x_wconf 87' lang='lat' dir='ltr'><strong>set</strong></span> <span class='ocrx_word' id='word_1_189' title='bbox 585 3171 636 3212; x_wconf 88' lang='lat' dir='ltr'><strong>toto</strong></span> <span class='ocrx_word' id='word_1_190' title='bbox 649 3162 676 3224; x_wconf 85' lang='lat' dir='ltr'><strong>f.</strong></span> <span class='ocrx_word' id='word_1_191' title='bbox 732 3167 763 3212; x_wconf 87' lang='grc'><strong>16</strong></span> <span class='ocrx_word' id='word_1_192' title='bbox 786 3166 873 3223; x_wconf 81' lang='lat' dir='ltr'><strong>Maroil</strong></span> <span class='ocrx_word' id='word_1_193' title='bbox 893 3167 927 3212; x_wconf 84' lang='grc' dir='ltr'><strong>Μ.</strong></span> <span class='ocrx_word' id='word_1_194' title='bbox 939 3165 965 3228; x_wconf 86' lang='lat' dir='ltr'><strong>f.</strong></span> <span class='ocrx_word' id='word_1_195' title='bbox 1022 3169 1053 3212; x_wconf 86' lang='lat'><strong>18</strong></span> <span class='ocrx_word' id='word_1_196' title='bbox 1072 3180 1110 3212; x_wconf 81' lang='lat' dir='ltr'><strong>as-</strong></span> 
     </span>
     <span class='ocr_line' id='line_1_30' title="bbox 359 3237 1110 3298; baseline 0 -16"><span class='ocrx_word' id='word_1_197' title='bbox 359 3237 430 3293; x_wconf 70' lang='lat' dir='ltr'><strong>serit!</strong></span> <span class='ocrx_word' id='word_1_198' title='bbox 448 3237 538 3295; x_wconf 74' lang='lat' dir='ltr'><strong>asperis</strong></span> <span class='ocrx_word' id='word_1_199' title='bbox 555 3251 585 3281; x_wconf 87' lang='lat' dir='ltr'><strong>m.</strong></span> <span class='ocrx_word' id='word_1_200' title='bbox 640 3237 672 3282; x_wconf 77' lang='lat'><strong>21</strong></span> <span class='ocrx_word' id='word_1_201' title='bbox 698 3237 809 3292; x_wconf 80' lang='lat' dir='ltr'><strong>secundi}</strong></span> <span class='ocrx_word' id='word_1_202' title='bbox 828 3237 902 3284; x_wconf 81' lang='lat' dir='ltr'><strong>seculi</strong></span> <span class='ocrx_word' id='word_1_203' title='bbox 921 3243 943 3286; x_wconf 78' lang='lat' dir='ltr'><strong>et</strong></span> <span class='ocrx_word' id='word_1_204' title='bbox 961 3239 987 3284; x_wconf 75' lang='lat' dir='ltr'><strong>iu</strong></span> <span class='ocrx_word' id='word_1_205' title='bbox 1003 3239 1110 3298; x_wconf 65' lang='lat' dir='ltr'><strong>marytres</strong></span> 
     </span>
     <span class='ocr_line' id='line_1_31' title="bbox 360 3306 1108 3368; baseline -0.001 -16"><span class='ocrx_word' id='word_1_206' title='bbox 360 3306 391 3352; x_wconf 85' lang='lat' dir='ltr'><strong>si.</strong></span> <span class='ocrx_word' id='word_1_207' title='bbox 401 3308 499 3353; x_wconf 86' lang='lat' dir='ltr'><strong>secundi</strong></span> <span class='ocrx_word' id='word_1_208' title='bbox 508 3321 538 3364; x_wconf 83' lang='lat' dir='ltr'><strong>m,</strong></span> <span class='ocrx_word' id='word_1_209' title='bbox 557 3307 655 3353; x_wconf 84' lang='lat' dir='ltr'><strong>secundi</strong></span> <span class='ocrx_word' id='word_1_210' title='bbox 668 3313 689 3353; x_wconf 80' lang='lat' dir='ltr'><strong>et</strong></span> <span class='ocrx_word' id='word_1_211' title='bbox 703 3309 726 3353; x_wconf 78' lang='lat' dir='ltr'><strong>in</strong></span> <span class='ocrx_word' id='word_1_212' title='bbox 739 3309 845 3368; x_wconf 63' lang='lat' dir='ltr'><strong>margins</strong></span> <span class='ocrx_word' id='word_1_213' title='bbox 857 3308 888 3354; x_wconf 82' lang='lat' dir='ltr'><strong>al.</strong></span> <span class='ocrx_word' id='word_1_214' title='bbox 898 3308 973 3356; x_wconf 86' lang='lat' dir='ltr'><strong>soouli</strong></span> <span class='ocrx_word' id='word_1_215' title='bbox 984 3324 1006 3367; x_wconf 81' lang='lat' dir='ltr'><strong>r,</strong></span> <span class='ocrx_word' id='word_1_216' title='bbox 1025 3313 1073 3356; x_wconf 79' lang='lat' dir='ltr'><strong>soei</strong></span> <span class='ocrx_word' id='word_1_217' title='bbox 1087 3307 1108 3353; x_wconf 78' lang='lat' dir='ltr'><strong>b.</strong></span> 
     </span>
    </p>
   </div>
   <div class='ocr_carea' id='block_1_6' title="bbox 0 0 1272 3902">
    <p class='ocr_par' dir='ltr' id='par_1_7' title="bbox 0 0 1272 3902">
     <span class='ocr_line' id='line_1_32' title="bbox 0 0 1272 3902; baseline 0 0"><span class='ocrx_word' id='word_1_218' title='bbox 0 0 1272 3902; x_wconf 95' lang='lat' dir='ltr'><strong> </strong></span> 
     </span>
    </p>
   </div>
  </div>
 </body>
</html>
