2530 3902
280 381 333 439 468
970 395 1052 436 evron
1072 385 1108 435 28

301 557 313 600 1
351 531 638 617 stantinopolitane
652 531 768 597 missos
785 531 988 615 susciperent
1003 539 1035 596 et
1051 529 1109 594 de·

299 657 315 702 s
350 645 425 700 vote
448 635 595 701 orientali
618 635 709 701 aulae
733 643 789 700 aut
811 635 1000 716 antiquitus,
1028 632 1106 698 dum

300 759 314 805 s
345 738 642 826 Longobardorum
664 761 744 824 gens
767 737 877 802 divina
897 738 1106 822 permissione

300 863 316 908 4
352 843 481 907 Italiam
503 843 702 924 infestarent,
724 850 884 927 parerent.

300 969 315 1014 t
386 945 459 1016 28.Ι
485 929 615 1010 Dehinc
626 945 703 1010 urbs
714 945 823 1010 Lictia
833 944 999 1010 Idomenei
1009 945 1107 1030 regie,

301 1073 316 1120 c
355 1050 396 1116 de
419 1073 484 1135 qua
498 1049 655 1136 Virgilius

302 1178 316 1222 7
463 1163 496 1220 et
511 1151 696 1218 Salentinos
717 1151 845 1218 obsedit
859 1153 961 1219 milite
976 1173 1107 1237 campos

303 1281 316 1324 s
463 1257 590 1323 Lictius
613 1255 816 1322 Idomeneus.

221 1394 223 1398 ¹
303 1383 318 1428 s
398 1363 451 1426 De
474 1361 536 1425 hac
557 1361 718 1424 theatrum
736 1358 971 1441 tantummodo,
993 1361 1108 1424 ceteris

226 1463 228 1468 ’
287 1488 318 1531 10
355 1464 524 1531 moenibus
547 1465 616 1528 solo
645 1464 846 1548 coaequetis,
875 1464 952 1528 olim
975 1463 1110 1528 solemni

287 1590 318 1633 11
357 1568 464 1634 studio
489 1567 653 1632 conditum
669 1577 779 1632 restat.
825 1568 858 1631 iu
875 1567 966 1632 cuius
982 1567 1046 1630 iam
1060 1567 1110 1630 in-

288 1693 319 1738 12
357 1673 447 1738 colae
475 1695 610 1757 parvum
637 1693 720 1755 pene
747 1671 874 1756 lapsum
900 1671 1111 1756 municipium

288 1799 319 1846 13
357 1775 486 1842 sibimet
515 1773 602 1859 quod
631 1797 748 1839 nomen
777 1776 946 1868 antiquum
967 1782 1111 1840 reservet

288 1906 321 1952 14
355 1881 461 1946 fecere
477 1879 626 1960 culmine,
648 1877 737 1962 quod
750 1879 888 1964 figurem
902 1879 1007 1966 magis
1021 1876 1111 1944 urbis

290 2009 320 2054 15
358 2005 455 2067 quam
477 1979 612 2058 eandem
633 1981 748 2046 urbem
762 1983 921 2067 exprimit.
967 1983 1001 2046 in
1015 1982 1111 2047 huius

290 2113 321 2157 16
359 2085 551 2152 suburbanis
585 2095 793 2151 monumenta
825 2087 1030 2170 antiquorum
1062 2086 1112 2149 in·

289 2218 321 2262 17
357 2212 491 2254 numera
512 2189 572 2254 sub
595 2188 670 2255 divo
694 2191 839 2276 exposite
860 2189 964 2256 solido
985 2190 1113 2275 sculpta

290 2323 321 2368 18
360 2301 535 2358 cernuntur
556 2292 673 2379 lapide.

291 2426 321 2471 19
404 2393 467 2461 Oui
484 2397 657 2462 coniuncta
670 2399 785 2463 civitas
796 2396 891 2484 Ruge
902 2397 1111 2484 dignoscitur.

290 2528 322 2574 20
361 2499 401 2566 ab
426 2501 489 2566 hac
510 2523 613 2585 usque
636 2501 832 2582 Ydrontum‚
861 2523 943 2585 quae
964 2503 999 2566 in
1019 2501 1113 2567 litore

395 2640 487 2686 codices
506 2639 578 2700 bfmr.
863 2639 896 2701 ef.
909 2641 968 2686 Rau.
982 2639 1033 2684 262
1052 2639 1077 2684 1.

360 2735 375 2780 2
399 2738 453 2791 aut]
473 2749 528 2779 num
546 2741 581 2792 ut,
600 2750 631 2781 an
650 2735 819 2796 cnpnwmdo?
873 2737 888 2782 3
917 2731 1112 2794 promissiones.

360 2807 377 2850 4
398 2805 499 2865 ytaliam
519 2804 542 2865 f
562 2808 633 2853 etium
655 2804 732 2866 infra.
799 2807 812 2853 5
841 2805 933 2862 Lictiul
953 2805 1009 2852 aliis
1026 2804 1112 2864 Lupis,

359 2890 421 2922 ncnc
439 2877 523 2922 Lecce.
552 2877 562 2924 ll
587 2877 715 2937 ydomenci
736 2893 768 2922 m.
827 2879 841 2924 6
869 2877 999 2936 Virgilius]
1017 2873 1113 2922 Aeneid.

467 3019 501 3065 Et
519 3018 665 3066 Sallentinos
684 3020 779 3065 obsedit
796 3017 872 3064 milite
892 3032 988 3077 campos

468 3090 569 3149 Lyctius
587 3091 738 3136 Idomeneus.

363 3159 621 3220 8Lictius11icusf.
657 3163 667 3208 ΙΙ
701 3161 849 3222 ydomencus
861 3158 924 3218 fmr.
987 3161 1016 3204 tn
1040 3160 1115 3204 meni-

362 3233 407 3278 bus
424 3229 497 3291 bfmr.
520 3231 530 3278 ll
554 3246 674 3290 coequans
691 3230 713 3290 f.
732 3231 742 3278 ΙΙ
767 3230 861 3276 solenni
872 3229 899 3290 f.
956 3232 986 3278 13
1005 3229 1114 3285 sibimet}

362 3302 448 3349 sibinri
471 3303 492 3348 b.
523 3302 533 3349 ΙΙ
559 3303 658 3360 antique
681 3303 740 3348 bmr.
817 3304 846 3348 19
875 3303 939 3360 buge
956 3299 982 3361 f.
1013 3301 1022 3346 ll
1048 3301 1116 3346 dino-

363 3374 437 3419 scitur
456 3371 491 3432 bf.
547 3373 578 3418 20
606 3375 747 3433 ydrotytum
767 3373 788 3430 b,
816 3370 850 3433 cs.
859 3373 919 3418 Rue.
934 3371 986 3418 262
1005 3372 1028 3416 2.
