2358 3906
79 327 158 374 VB

111 497 127 540 1
349 468 472 534 Pontos

112 599 133 643 2
347 573 498 637 Passaria

113 702 134 747 3
348 674 442 742 Oxea

115 806 137 850 4
349 780 461 844 Turris
484 779 559 845 alba

118 909 138 955 5
349 881 470 948 Getula

120 1015 140 1058 6
348 985 559 1068 Quintiliana.

122 1118 140 1160 ἰ
240 1091 273 1154 A
307 1092 437 1156 civitate
472 1113 554 1174 quae
588 1091 706 1156 dicitur
734 1092 829 1160 Ubus
863 1096 950 1160 circa

124 1222 144 1266 s
189 1195 291 1259 litora
321 1195 419 1260 maris
456 1217 558 1278 usque
589 1196 632 1261 ad
672 1197 834 1262 civitatem
866 1221 948 1282 quae

127 1325 145 1370 9
192 1297 315 1362 dicitur
342 1295 544 1379 Quintiliana
574 1310 650 1364 sunt
679 1302 825 1367 civitates
855 1304 948 1386 quin-

105 1429 147 1474 10
193 1402 350 1488 quaginta
361 1401 425 1468 duo
438 1412 470 1467 et
482 1413 697 1488 supputantur
711 1405 847 1470 miliaria
861 1408 948 1472 mille

106 1533 148 1579 11
191 1506 328 1592 triginta
350 1516 383 1571 et
405 1516 489 1570 octo.

109 1637 150 1683 η
228 1607 259 1677 fi.
304 1609 427 1674 Iterum
451 1610 563 1676 civitas
585 1609 700 1677 Palma

110 1742 151 1787 13
213 1727 219 1742 '
345 1714 438 1778 Mata

111 1845 152 1892 14
343 1817 458 1903 Leptis
482 1841 600 1904 magna

114 1949 151 1996 15
344 1920 481 2009 Subgoli

115 2054 152 2100 16
343 2024 482 2112 Nivergi

116 2161 151 2205 17
346 2127 522 2194 Simadana

194 2393 204 2434 l
235 2389 327 2435 Pontos
345 2392 416 2436 etium
432 2391 497 2448 Tau„
516 2389 614 2452 cs.140
634 2393 676 2437 10.
733 2392 747 2436 0
770 2389 868 2438 Ausarita
889 2393 944 2438 Tau

191 2461 206 2507 0
235 2474 316 2506 oxena
340 2460 372 2517 G,
401 2459 466 2508 Oeen
489 2462 557 2517 editi,
587 2459 636 2508 Osa
655 2461 700 2508 col.
723 2461 788 2520 Tab„
817 2460 882 2510 Ocea
905 2478 945 2510 co·

189 2531 257 2578 lania
283 2533 340 2578 Ant.
394 2534 410 2577 4
438 2534 519 2579 Turris
537 2533 568 2579 ad
587 2532 667 2592 algam
690 2533 745 2578 Tab.
802 2533 816 2579 ὀ
845 2533 945 2581 Getullu

193 2602 258 2658 raa,
286 2607 360 2662 getua
379 2602 407 2648 G.
456 2603 641 2658 fiQuintiliana
658 2605 728 2650 etiam
745 2603 800 2650 Tau
850 2606 945 2652 7ubu-

188 2675 236 2720 bus
250 2673 277 2730 G,
306 2673 352 2720 uba
366 2672 389 2732 0,
410 2673 538 2720 Ubradui.
598 2677 613 2720 8
640 2674 724 2731 litora}
743 2676 822 2735 ipsum
833 2675 902 2723 littus
914 2677 943 2734 A,

188 2747 243 2804 ipso
261 2744 333 2790 litore
351 2745 374 2790 Β
392 2745 457 2791 editi.
484 2745 494 2792 ΙΙ
520 2745 552 2791 ad
570 2759 614 2791 om.
633 2746 677 2791 ΑΒ
699 2745 764 2792 editi.
832 2749 845 2792 9
875 2748 944 2805 quin·

188 2816 261 2863 tilius
284 2817 312 2860 A.
340 2815 350 2860 ΙΙ
376 2816 498 2873 civitates]
523 2817 608 2862 civitas
626 2817 661 2870 B,
690 2817 801 2863 civitates
820 2824 877 2876 pout
895 2819 943 2864 duo

183 2889 257 2946 ponit
274 2888 306 2942 A,
336 2901 380 2932 om.
402 2886 426 2933 0.
461 2887 470 2933 ΙΙ
506 2887 681 2946 quinquagInta
700 2889 759 2944 duo]
779 2901 815 2934 un
833 2887 862 2946 0,
889 2895 944 2934 aaut

188 2959 362 3018 quinquayiuta
380 2963 403 3004 et
420 2973 476 3004 aaa.
497 2987 499 2990 -
527 2960 557 3004 11
582 2966 641 3016 pout
658 2964 713 3005 octo
728 2957 747 3004 0
757 2959 812 3004 add.
833 2959 943 3006 civitates

188 3030 235 3074 iste
259 3033 316 3074 sunt
339 3041 398 3074 xuv.
467 3029 498 3076 12
526 3028 607 3088 palmi
625 3028 674 3087 BC,
702 3028 741 3076 Ad
759 3029 864 3087 palmam
886 3029 942 3076 Tab.

191 3101 223 3145 18
242 3099 310 3145 Muta
328 3106 351 3146 et
372 3101 403 3146 14
422 3099 505 3160 Leptis
526 3101 551 3145 in
574 3099 619 3146 BC
640 3103 814 3159 couimaqumur
835 3102 870 3146 ita
892 3115 942 3145 ma-

187 3169 295 3230 taleptis.
356 3172 387 3216 1³
415 3177 498 3231 mapta
518 3170 546 3217 0,
606 3172 638 3216 14
664 3171 748 3231 Leptis
767 3185 854 3230 magna
872 3172 942 3216 etiam

189 3241 241 3289 140
271 3239 313 3298 16,
350 3241 437 3301 palatis
463 3256 551 3302 magua
579 3242 606 3288 0.
687 3243 717 3288 15
751 3240 852 3300 Sugolin
886 3241 940 3287 Tau

190 3315 222 3360 16
251 3313 339 3360 Neveri
359 3313 471 3360 14012.
528 3315 559 3360 17
588 3311 807 3360 Summanum
827 3311 868 3358 14.
