2378 3902
255 320 309 372 Μ
988 321 1068 371 [vra

277 492 288 532 1
325 489 383 530 nes
398 466 616 532 velocissimos
631 468 752 552 profert
764 467 921 532 homiues.
967 469 1071 534 ethoo

275 591 289 635 a
326 570 416 635 affati
438 579 513 636 sunt
535 572 569 634 iu
592 594 651 636 sua
672 570 887 656 problemata:

275 695 289 740 a
369 673 579 738 Laudabatur
604 674 724 739 Parsus
753 673 869 738 Marco
900 675 980 741 dum
1011 699 1071 740 non

273 799 288 841 4
475 788 607 843 venerat
629 776 768 844 Gothus.

274 901 288 944 s
369 880 436 947 Sed
458 906 477 946 o
500 881 556 946 ubi
579 892 628 947 est
648 881 785 946 Dauus?

274 1007 288 1048 o
370 983 463 1067 Quae
484 987 592 1050 Dania
613 985 708 1050 modo
723 985 1007 1052 Nordomanorum
1026 987 1072 1051 di-

275 1109 288 1152 v
326 1089 414 1153 ditur
434 1090 548 1175 patria.
593 1111 769 1175 perquam
783 1090 925 1155 Dauiam
939 1092 1073 1177 plurima

274 1211 288 1254 a
325 1202 494 1257 transeunt
514 1192 656 1274 flumina,
685 1193 768 1258 inter
794 1205 901 1258 cetera
923 1217 1005 1278 quae
1026 1193 1072 1258 di-

275 1313 288 1358 o
326 1297 410 1360 uitur
430 1296 525 1378 Lina,
548 1299 684 1379 quaein
707 1295 839 1362 Oceano
860 1299 1049 1386 ingreditur.

258 1417 289 1462 10
359 1397 410 1466 14.
454 1397 577 1464 Iterum
604 1399 646 1465 ad
667 1410 791 1487 partem
813 1403 905 1486 quasi
927 1394 1073 1466 meridia-

258 1522 288 1565 11
326 1526 411 1586 nam,
436 1512 473 1567 ut
495 1503 639 1570 dicamus
662 1505 704 1570 ad
725 1507 990 1592 spatiosissimam
1010 1514 1074 1571 ter-

258 1623 288 1668 ra
325 1630 405 1690 ram,
427 1616 502 1672 sunt
522 1610 645 1694 patriae
665 1610 915 1695 spatiosissimas
929 1632 1011 1693 quae
1026 1608 1073 1673 di-

258 1727 289 1773 13
326 1721 443 1776 cuntur
463 1714 563 1778 Datia
584 1714 687 1800 prima
709 1722 742 1778 et
763 1711 916 1795 secunda,
938 1735 1020 1797 quae
1042 1722 1074 1777 et

258 1831 290 1876 14
326 1813 460 1903 Gipidia
482 1819 672 1903 appellatur,
695 1815 751 1881 ubi
772 1815 867 1882 modo
881 1815 951 1882 Uni
972 1818 1075 1901 quiet

259 1934 289 1980 lt
326 1920 427 1986 Avari
449 1921 639 1986 inhabitant.
684 1943 764 2005 quas
786 1931 938 2005 utrasque
958 1921 1073 1986 Datias

258 2038 289 2082 16
324 2026 454 2110 plurimi
476 2025 714 2111 descripserunt
735 2025 928 2111 philosophi,
950 2049 991 2089 ex
1005 2026 1073 2109 qui-

328 2254 340 2295 1
370 2250 475 2308 proferre
493 2249 544 2295 AB.
616 2251 630 2294 2
658 2247 815 2310 problebeata
832 2250 860 2306 A,
888 2248 1031 2308 problebat'a
1049 2248 1072 2295 C.

327 2321 341 2366 8
368 2320 469 2378 parthus
489 2320 515 2365 G.
544 2319 554 2365 ΙΙ
579 2333 661 2366 mareu
681 2320 720 2378 (Ρ,
739 2321 764 2366 in
782 2333 839 2366 arou
859 2317 905 2366 (Ν.
965 2321 981 2365 4
1005 2333 1073 2365 vene-

327 2394 375 2446 ratl
394 2396 495 2436 noverat
513 2391 535 2434 Β
554 2387 596 2436 (Μ
610 2391 675 2446 editi,
701 2396 819 2436 noverant
845 2391 884 2436 G'.
903 2391 912 2436 ΙΙ
928 2391 1028 2449 gotthus
1049 2389 1071 2446 (J,

326 2461 414 2520 gothos
433 2459 453 2506 G
471 2461 536 2506 editi.
591 2463 605 2506 6
633 2463 852 2522 nordomauuorum
872 2457 917 2520 Gis,
941 2461 1073 2507 Nordmau·

325 2545 411 2581 norum
430 2531 494 2577 editi.
521 2531 531 2578 ΙΙ
554 2537 610 2590 post
627 2533 836 2579 Nordomauorum
855 2531 929 2578 Guido
948 2531 1017 2578 addit
1034 2545 1073 2578 seu

326 2601 508 2662 warangorum.
563 2605 577 2649 7
592 2609 650 2662 post
661 2605 741 2663 patria
751 2605 886 2650 intermittit
898 2603 980 2648 Gaido.
1006 2604 1015 2649 ΙΙ
1034 2615 1073 2661 per

327 2687 371 2720 om.
385 2674 429 2719 AB
441 2673 505 2719 editi.
525 2674 534 2720 ΙΙ
551 2687 599 2733 qua
612 2675 684 2720 dania
696 2676 724 2720 A.
774 2677 787 2720 9
807 2674 882 2732 Lina]
894 2674 959 2720 Dina
971 2674 1011 2719 IV
1025 2672 1074 2719 173

326 2745 422 2802 oquae]
442 2758 459 2804 q
476 2745 505 2790 B.
533 2743 542 2790 ΙΙ
563 2749 622 2803 post
632 2746 764 2804 ingreditur
778 2744 862 2791 cado.
877 2746 906 2790 de
918 2745 989 2791 dacia
1000 2745 1074 2804 prima

326 2822 351 2861 et
369 2816 480 2862 secunda.
549 2817 580 2860 10
603 2821 683 2874 partes
701 2815 766 2862 editi.
794 2815 803 2862 ΙΙ
828 2815 953 2862 meridiem
971 2817 994 2860 B
1013 2815 1073 2862 editi.

329 2889 358 2932 11
388 2887 590 2946 spaciosissimam
611 2885 634 2932 0.
692 2887 722 2931 12
751 2887 927 2945 spaciosiasime
947 2884 971 2932 0.
999 2887 1009 2932 ΙΙ
1033 2899 1073 2932 vo-

327 2963 411 3004 cantur
421 2957 445 3004 C.
490 2959 520 3004 13
541 2955 647 3004 daciaC.
666 2957 675 3002 ΙΙ
693 2957 944 3016 primosecundaAB.
988 2959 1020 3003 14
1041 2959 1074 3016 gi·

326 3029 385 3087 pida
402 3029 431 3073 A.
459 3029 468 3074 ΙΙ
494 3029 565 3075 modo
585 3043 629 3073 om.
650 3026 674 3073 Ο.
703 3029 712 3073 ΙΙ
738 3027 787 3074 Uni
806 3030 847 3086 qui
865 3032 889 3073 et
906 3026 989 3085 Avari]
1007 3027 1074 3073 sicB

327 3106 349 3145 et
363 3099 436 3145 Groo.
447 3098 471 3144 1.
486 3099 509 3156 2,
530 3099 587 3144 unni
600 3099 676 3155 iniqui
690 3103 714 3144 et
726 3099 791 3144 avari
807 3097 830 3156 0,
847 3099 923 3156 iniqui
936 3103 961 3144 et
972 3099 1038 3144 avari
1047 3098 1072 3152 A,

326 3169 401 3216 Avari
419 3175 443 3215 et
465 3169 542 3227 iniqui
568 3168 655 3214 Porci.
692 3169 701 3214 ΙΙ
736 3169 764 3215 de
782 3170 869 3227 Datim,
894 3169 998 3227 Gipidia,
1021 3169 1074 3215 Uair

327 3240 360 3301 cf.
374 3241 407 3286 28
428 3240 510 3285 6-10.
592 3239 622 3286 15
652 3240 765 3286 habitant
791 3241 878 3286 Poroh.
906 3239 915 3284 ΙΙ
943 3241 1024 3287 daoias
1052 3237 1073 3286 C.

329 3313 359 3357 16
388 3310 496 3370 plurimi]
516 3309 586 3356 multi
611 3309 675 3356 editi.
