2464 3896
129 299 184 346 15
325 284 328 292 ’
928 293 962 346 13

153 468 172 512 1
213 443 302 508 tibus
325 441 468 528 infinitus
485 438 637 506 Oceanus
660 461 730 505 esse
752 439 961 530 dignoscitur.

156 569 173 614 n
214 569 290 611 nam
304 544 448 631 plerique
463 544 567 609 sancti
577 553 684 628 patres
699 553 732 608 et
745 544 890 608 nonnulli
904 543 963 608 hu·

157 671 175 716 o
215 650 265 714 ius
295 643 408 714 mundi
435 647 619 734 philosophi
652 648 849 732 scripserunt
877 646 964 730 quod

158 775 177 818 4
216 751 469 817 Transindorum
501 751 554 814 vel
578 751 748 827 Britonum
779 749 964 836 regionibus

158 876 175 922 5
217 857 385 920 oriturvel
399 856 531 940 ponitur
546 855 604 919 sol.
636 852 722 937 quod
736 863 873 918 testatur
887 854 965 918 mihi

160 983 176 1026 c
217 969 349 1024 sanctus
376 959 518 1024 Basilius
546 955 715 1022 Caesarine
741 954 965 1042 Cappadociae

160 1085 176 1130 7
217 1063 443 1148 episcopusin
465 1085 524 1128 suo
544 1061 737 1142 Eremmon,
759 1059 818 1125 sed
839 1070 872 1125 et
893 1083 966 1125 san·

156 1187 173 1232 s
218 1175 288 1230 ctus
312 1165 472 1230 Ysidorus
495 1164 680 1250 Ispnlensis
724 1187 799 1228 nam
816 1163 965 1250 Liginius

160 1292 177 1335 9
219 1279 250 1333 et
266 1266 394 1334 Cothon
410 1279 506 1353 atque
519 1267 717 1333 lamblichus
738 1268 834 1332 huius
854 1268 966 1333 mundi

142 1394 177 1440 ιο
216 1373 402 1458 philosophi
428 1373 462 1437 in
490 1373 557 1437 suis
580 1371 831 1457 expositionibus
858 1371 968 1463 decre-

143 1501 177 1544 11
217 1485 333 1540 verunt
348 1475 437 1560 quod'
449 1499 547 1550 verno
561 1484 704 1560 tempore
714 1474 968 1540 Transindorum

143 1605 179 1652 12
217 1579 270 1644 vel
291 1579 462 1644 Britonum
491 1578 676 1666 regionibus
704 1580 806 1644 oritur
830 1579 883 1644 vel
910 1601 968 1664 po-

144 1712 180 1756 1³
217 1684 305 1748 nitur
328 1683 387 1747 sol.

144 1816 181 1861 14
251 1786 283 1854 (i.
328 1787 374 1852 Et
396 1787 425 1851 si
447 1787 581 1851 forsitan
604 1787 718 1870 aliquis
746 1797 890 1852 nostram
915 1809 969 1851 ex-

145 1917 181 1964 15
217 1891 413 1976 positionem
435 1913 573 1956 renuens
603 1891 843 1977 cosmographis
868 1889 970 1955 credi-

146 2021 182 2067 ιο
219 1994 321 2077 derit5
338 1995 395 2078 qui
410 2003 560 2059 cunctam
575 1994 668 2077 quasi
683 1991 826 2058 Orientis
841 1995 970 2082 plagam

146 2126 181 2171 1⁷
219 2099 461 2184 descripserunt
476 2105 508 2160 et
523 2097 619 2160 etiam
635 2094 804 2162 Oceanum
816 2096 869 2161 vel
881 2097 972 2162 iuxta

147 2231 184 2276 18
217 2203 356 2269 limbum
378 2202 447 2267 eius
470 2201 533 2266 sita
554 2201 627 2266 loca
648 2209 681 2264 et
705 2201 852 2287 regiones
880 2201 972 2284 quasi

147 2335 183 2380 19
218 2307 376 2372 minutius
398 2305 587 2370 nominatim
604 2303 864 2391 designaverunt,
886 2304 973 2388 quod

146 2439 183 2484 20
219 2409 369 2474 omnibus
394 2407 586 2474 Christianis
614 2406 721 2472 dicere
743 2408 890 2473 illicitum
913 2418 972 2490 est,

221 2556 235 2600 1
265 2555 400 2601 dinoscitur
417 2555 446 2600 A.
506 2555 522 2600 4
545 2554 693 2612 reglonesA.
754 2554 768 2600 b
796 2553 855 2599 mihi
868 2557 972 2610 sanctus]

218 2626 246 2671 in
266 2625 356 2671 sanctis
374 2625 439 2670 editi.
502 2625 517 2670 6
544 2623 650 2670 builins
671 2624 700 2670 Β.
723 2623 734 2669 ΙΙ
758 2623 887 2670 Caesareae
908 2624 973 2671 editi.

218 2697 230 2742 ΙΙ
238 2696 419 2756 cappadoces.
456 2697 470 2741 7
489 2695 642 2742 Heumeron
654 2694 724 2750 editi3
741 2695 757 2740 6
776 2694 973 2742 sletomeoiti.
1011 2714 1013 2718 ·

219 2767 231 2813 ΙΙ
242 2771 326 2814 sentus
344 2768 373 2812 Α.
451 2768 466 2814 8
494 2765 600 2812 isidorus
617 2765 683 2811 editi·
706 2765 716 2812 ΙΙ
739 2765 879 2824 Ispalensis]
902 2780 975 2826 yspa-

219 2838 301 2884 nensis
314 2837 344 2894 B,
363 2836 518 2896 Yspsniensis
530 2835 595 2882 editi.
614 2836 624 2882 ΙΙ
644 2835 752 2894 Ligmius
763 2836 851 2882 Porcii.
865 2835 938 2883 Gron.
950 2837 974 2882 2.

222 2909 237 2954 9
256 2908 394 2954 ersthonA.
405 2899 416 2953 l
432 2905 578 2954 laniblichun
586 2907 615 2965 Β,
625 2905 756 2954 Inmbboos
766 2907 829 2954 editi.
859 2910 889 2953 11
909 2914 976 2954 trans

220 2979 341 3039 yndorum
350 2979 380 3024 Α.
426 2979 458 3028 12
477 2978 627 3024 britcncrnm
635 2977 666 3023 Β.
685 2977 695 3023 ΙΙ
710 2978 819 3037 regiones
828 2979 857 3024 A.
906 2980 937 3024 14
955 2980 976 3026 si

221 3048 374 3097 oinBediti.
421 3051 452 3096 17
480 3049 545 3096 iuste
556 3049 586 3094 A.
633 3049 976 3106 19·minutius1minimusB

220 3119 318 3177 Porci»,
342 3119 454 3166 minimas
476 3119 550 3165 Groa.
566 3121 590 3164 1.
604 3119 629 3164 2.
653 3119 663 3164 ΙΙ
692 3120 765 3178 quedl
784 3134 831 3178 quo
851 3120 895 3165 AB
911 3119 976 3165 editi.

221 3191 233 3236 ΙΙ
245 3197 300 3238 onte
318 3191 384 3248 qnod
401 3189 459 3236 odia
475 3189 566 3236 addunt
583 3203 622 3248 ex,
642 3203 686 3236 om.
699 3190 727 3247 A,
753 3192 849 3249 punctis
867 3188 929 3236 dolet
946 3190 975 3236 Β.

224 3262 256 3308 20
284 3259 404 3316 illicitum!
423 3261 482 3308 mihi
499 3260 592 3308 licitum
609 3263 638 3307 Δ.
665 3289 668 3298 ,
