2410 3904
92 339 114 386 11
131 341 164 388 13
874 335 908 390 20

110 511 122 554 1
158 507 237 569 quae
259 483 379 548 dieitur
393 482 642 569 Mesopotamia,
663 505 759 569 quarn
774 484 910 550 eircum-

110 611 123 656 a
159 586 234 652 dant
261 587 396 652 flumina
423 588 578 670 maxima,
607 587 642 654 id
670 595 720 654 est
741 587 850 675 Tigris
877 598 910 654 et

111 717 125 760 a
158 690 357 777 Euphraten,
386 699 583 776 quapropter
613 700 645 755 et
673 691 910 778 Mesopotamia

112 818 127 863 4
160 795 346 880 appellatur.
392 795 430 858 in
455 816 519 878 qua
544 795 783 880 Mesopotamia
810 795 909 880 pluri-

113 920 126 966 s
159 921 225 962 mas
239 898 376 984 legimus
391 899 490 966 fuisse.
506 899 652 964 civitates
667 899 751 962 inter
766 895 909 965 Orientis

114 1025 127 1070 a
159 1000 375 1087 philosophos,
397 1008 435 1064 ut
456 1002 501 1067 ait
524 1000 702 1084 Uestorius,
731 1025 770 1067 ex
793 1001 909 1086 quibus

114 1129 127 1173 7
160 1104 337 1189 aliquantas
360 1103 529 1191 designare
551 1106 711 1188 volumus,
733 1105 768 1170 id
791 1114 840 1171 est

115 1233 129 1277 a
161 1250 163 1252 -
307 1206 418 1272 Edesa

116 1335 129 1380 a
307 1311 484 1376 Minioerta

103 1437 130 1482 10
308 1414 395 1480 Bara

102 1543 129 1588 11
308 1517 392 1583 Beta

104 1647 131 1692 12
308 1619 420 1686 Nisibi

104 1751 131 1797 η
308 1724 501 1790 Manacarta
582 1747 583 1750 ’

106 1855 132 1901 14
309 1827 421 1894 Reche

106 1958 131 2004 15
309 1931 452 1997 Resama

107 2064 133 2110 16
309 2033 403 2102 Salar

106 2168 133 2213 ιγ
311 2137 420 2208 Carris

108 2269 134 2315 ιε
308 2244 423 2310 Batnis

168 2477 179 2521 1
205 2478 390 2536 messopotamia
406 2477 436 2524 B.
460 2477 470 2523 ΙΙ
490 2479 630 2525 circundant
647 2480 677 2525 B.
744 2477 759 2525 2
787 2481 863 2539 tygris
881 2481 909 2536 B,

167 2546 180 2591 8
206 2549 312 2594 eahaten
329 2548 358 2594 Β.
383 2549 393 2594 ΙΙ
417 2554 442 2594 et
459 2563 504 2595 om.
522 2551 551 2595 A.
579 2550 589 2595 ΙΙ
617 2550 803 2610 Mesopotamia]
823 2563 912 2598 messo-

165 2619 281 2676 pomiaB.
329 2617 549 2679 4Maaopotamial
563 2623 747 2681 messopotamia
759 2622 789 2668 B.
837 2624 850 2668 7
871 2624 912 2668 de·

166 2689 253 2747 signare
262 2689 374 2736 volumus
384 2705 428 2736 om.
438 2691 467 2748 B,
480 2693 546 2737 sacis
555 2690 678 2738 includant
690 2691 754 2738 aditi.
792 2694 806 2738 8
820 2691 912 2740 Edessa

166 2758 225 2806 saer.
280 2762 294 2807 a
322 2761 473 2808 Mrnrooera
488 2762 543 2808 aaa.
600 2765 631 2809 1o
658 2763 729 2820 aaa}
742 2756 834 2834 Βάρας
851 2765 912 2810 Pro-

167 2833 226 2888 copii·
240 2831 269 2878 ds
287 2832 358 2877 aad!
374 2832 416 2878 aad
433 2835 457 2878 ia
479 2831 570 2879 Tabala
587 2836 649 2880 tates·
667 2834 759 2880 Edessa
777 2840 799 2879 et
816 2833 912 2882 Minno-

167 2907 226 2948 certa
243 2901 332 2963 leqitra·
349 2901 461 2962 Barbare,
483 2893 545 2950 ande
562 2905 700 2950 Poroteroa
715 2905 836 2951 Barabeta
852 2908 912 2952 aad·

166 2969 258 3018 taedam
276 2987 325 3019 esse
341 2975 474 3032 auspicatos
491 2981 533 3021 est.
608 2975 638 3022 12
666 2975 746 3022 Nisibi
764 2977 835 3022 ettam
856 2976 911 3022 Ταῦ.

168 3042 195 3088 13
211 3043 359 3102 Manacarta]
368 3038 507 3114 Μάκαρτα
520 3045 614 3092 Notitia
627 3049 705 3104 epira,
718 3046 843 3093 Macharta
855 3046 910 3092 Ταῦ.

167 3113 196 3159 14
212 3115 305 3164 Rachel
323 3115 389 3161 Rene
411 3115 465 3162 Ταῦ.
526 3117 557 3164 15
586 3117 700 3176 Resama]
720 3115 835 3163 Ressaina
856 3116 910 3162 Ταῦ.

166 3188 259 3241 rasas,
285 3179 385 3237 ‘Pshwa
409 3187 489 3246 sapa
586 3190 617 3234 16
647 3187 727 3244 Salar!
752 3186 825 3233 Sahal
855 3187 910 3232 Ταῦ.

167 3255 195 3300 17
222 3255 302 3304 Carris
314 3259 385 3303 etiam
396 3259 459 3315 Ant,
479 3259 549 3304 tar-ris
561 3259 591 3316 Β,
611 3259 707 3307 charris
720 3258 777 3303 editt
789 3271 840 3302 eam
854 3257 909 3303 Ταῦὲ

166 3325 196 3372 18
220 3327 306 3374 Batnis
324 3330 394 3375 etiam
412 3329 476 3387 Ταῦ,
495 3329 570 3376 batua
586 3331 615 3389 A,
633 3330 741 3377 Bathnae
758 3329 814 3374 Aut.
