2464 3896
490 341 642 376 mensurio·
945 337 977 379 ΙΧ

155 485 265 566 „Eine
286 481 346 550 Hs
376 482 434 548 des
458 482 674 571 Geographus
697 482 869 548 Ravennae
892 484 977 548 nach

154 597 203 661 H.
227 595 431 683 Herrbergcr
459 595 527 660 und
549 596 651 660 Zeuss
679 595 884 660 verkauflich
912 619 977 660 von

153 707 271 775 Seiten
286 708 373 772 eines
389 704 513 773 Grasen
527 707 627 794 Luigi
642 706 681 771 de
697 707 834 793 Angelis
848 707 883 770 in
898 707 978 772 Fer·

155 843 232 884 rara
245 820 347 907 (Aug.
359 819 493 904 1838)“.
531 819 590 884 scd
612 841 716 904 neque
732 819 827 883 huius
843 819 977 883 notitiae

157 931 345 997 auctoribus
368 933 586 1018 interrogatis,
609 953 714 1015 neque
728 930 844 995 litteris
861 929 901 994 de
916 930 978 996 hac

155 1067 193 1108 rc
214 1044 397 1108 Ferrariam
419 1045 526 1109 missis
549 1042 727 1128 quidquam
747 1042 955 1127 profecimus.

202 1156 322 1220 Paucis
344 1155 516 1221 dicendum
542 1164 593 1220 est
620 1155 661 1219 de
691 1153 802 1219 codice
823 1153 978 1219 Leidensi

155 1267 199 1333 ab
223 1267 410 1332 Abrahamo
426 1265 592 1332 Gronovio
614 1287 698 1332 anno
724 1267 810 1335 1722
831 1266 866 1330 in
887 1266 978 1330 auxi-

155 1381 238 1446 lium
253 1389 380 1444 vocato.
422 1380 517 1444 huius
541 1379 663 1445 codicis
678 1377 870 1465 inspiciendi
885 1377 979 1462 copia

157 1492 253 1557 nobis
280 1491 368 1556 facta
402 1501 451 1556 est
482 1490 683 1579 benignitate
710 1488 845 1578 Georgii
870 1490 978 1554 Pertz.

155 1604 334 1689 inscriptus
365 1612 415 1668 est
444 1603 515 1684 „Ex
536 1603 740 1669 Bibliotheca
761 1603 834 1668 Viri
855 1600 978 1666 Illustr.

156 1715 265 1781 Isaaci
279 1713 391 1779 Vossii
414 1713 510 1781 208ss
535 1724 586 1780 est
606 1716 808 1798 chartaceus,
829 1713 978 1779 foliorum

159 1829 213 1909 76,
237 1849 256 1891 a
279 1825 402 1902 recenti
425 1847 522 1891 manu
544 1829 673 1893 saeculo
695 1847 753 1892 xvn
777 1828 855 1894 satis
876 1821 979 1890 nitide

160 1940 374 2023 conscriptus.
431 1960 525 2021 quem
561 1961 635 2003 oum
662 1939 801 2024 primum
829 1947 979 2002 excutere

157 2052 355 2136 incepimus,
370 2049 517 2114 nonnihil
538 2051 703 2136 proprium
726 2051 756 2114 ei
777 2051 883 2115 inesse
905 2070 980 2113 cen·

156 2164 300 2243 suimus,
328 2160 523 2246 procedente
552 2173 660 2226 autem
686 2162 797 2227 labore
827 2161 980 2248 cognovi·

155 2297 232 2340 mus
255 2297 329 2338 eum
352 2272 473 2338 codicis
490 2275 518 2336 B
533 2295 604 2338 esse
627 2275 858 2361 apographum.
893 2271 979 2357 quod

157 2409 235 2452 cum
257 2386 367 2450 multis
391 2386 472 2451 locis
495 2387 622 2452 auctius
645 2396 730 2451 esset
746 2386 886 2451 editione
899 2384 980 2450 Por-

157 2499 364 2580 cheroniana,
385 2520 451 2562 non
473 2499 590 2562 mirum
612 2507 662 2564 est
683 2495 884 2564 Gronovium
906 2495 980 2561 ideo

156 2613 192 2676 in
223 2631 364 2676 errorem
391 2609 578 2692 inductum,
612 2609 758 2675 codicem
785 2634 805 2676 a
832 2609 980 2676 Parisino

155 2722 323 2806 diversum
345 2731 485 2788 tractare
508 2721 571 2787 sibi
592 2723 697 2787 visum
721 2745 801 2787 esse.
845 2723 981 2786 lacunae

155 2835 244 2900 enim
258 2835 293 2899 in
307 2833 522 2899 Porcheronis
538 2833 678 2900 editione
692 2834 806 2899 obviae
819 2834 853 2898 in
870 2833 981 2898 codice

154 2947 306 3012 Parisino
322 2968 388 3010 non
404 2955 525 3029 extant,
541 2945 599 3012 sed
613 2947 755 3012 incuriae
765 2946 980 3012 Porcheronis

154 3057 366 3145 imputandae
389 3065 480 3138 sunt3
504 3080 585 3142 quae
608 3067 715 3124 autem
737 3059 771 3122 in
792 3059 904 3124 codice
918 3057 982 3121 Pa-

156 3171 258 3236 risino
281 3193 316 3234 re
339 3193 416 3235 vera
438 3171 640 3253 omittuntur,
663 3194 702 3235 ea
724 3172 831 3236 omnia
853 3170 886 3234 in
906 3168 982 3234 Lei-

155 3282 252 3350 densi
275 3303 404 3367 quoque
427 3283 613 3370 apographo
634 3282 761 3364 desunt,
782 3307 813 3348 v.
827 3306 858 3369 g.
875 3282 980 3369 put?
