2378 3902
280 327 334 380 112
1024 323 1059 370 IV
1079 326 1107 370 11

303 501 315 544 1
396 473 577 538 Dalmatius
605 478 774 536 transeunt
802 469 942 554 plurima
964 468 1110 548 flumina,

303 603 317 648 a
353 577 439 642 inter
460 586 568 641 cetera
589 597 671 658 quae
695 571 847 638 dicuntur

302 707 318 752 8

301 809 319 855 4

303 911 317 959 ὅ

303 1019 319 1064 6

303 1223 318 1266 a
387 1194 438 1264 Π.
485 1192 661 1259 Confinalis
688 1196 951 1279 praenominatae
980 1193 1107 1258 Daniae

304 1325 318 1368 a
356 1311 406 1365 est
428 1299 533 1384 patria
555 1320 637 1382 quae
652 1298 837 1362 nominatur
851 1296 1006 1378 Samma,
1030 1317 1107 1380 quae

289 1427 318 1472 ιο
355 1402 533 1486 antiquitus
556 1412 587 1466 et
608 1403 680 1487 ipsa
702 1424 742 1465 ex
756 1401 865 1466 Dania
885 1404 1047 1489 pertinere
1063 1397 1107 1461 di-

290 1531 316 1574 11
358 1506 501 1572 rebatur.
547 1527 629 1588 quae
656 1505 763 1589 patria
789 1514 826 1570 ut
848 1507 894 1572 ait
916 1501 1108 1571 Marousmi-

290 1633 319 1678 ra
356 1633 412 1675 rus
441 1607 624 1674 Gothorum
659 1608 869 1713 phrlosophus
905 1609 1105 1675 doctissimos

290 1739 319 1783 ra
357 1713 488 1798 quidem
510 1711 633 1797 profert
655 1712 800 1778 homines
823 1722 856 1776 et
878 1711 1029 1794 audaces,
1052 1705 1106 1774 sed

291 1843 319 1886 11
358 1841 422 1883 non
445 1818 492 1882 sic
511 1816 640 1880 veloces
661 1825 698 1880 ut
713 1816 741 1880 si
756 1825 832 1880 aunt
846 1817 934 1880 Dani
950 1818 1005 1900 qui
1020 1816 1105 1878 iuxta

290 1944 320 1988 ra
357 1921 445 1988 Dina
460 1920 594 1985 flum'um
609 1927 706 1983 stant.
747 1942 805 2004 per
826 1941 921 2003 quam
936 1917 1104 1985 Saxoniam

290 2049 320 2094 ra
357 2032 525 2091 transeunt
553 2023 692 2109 plurima
719 2021 867 2104 flumina,
896 2025 980 2088 inter
1003 2031 1104 2088 cetera

289 2151 319 2195 rr
358 2152 440 2213 quae
463 2127 615 2192 dicuntur

290 2255 319 2298 ru
507 2228 664 2293 Lamizon

291 2359 319 2400 ra
507 2329 611 2417 Ipada

359 2594 370 2638 1
400 2600 453 2639 unte
471 2594 606 2640 Dalmatius
624 2593 681 2640 editt
700 2593 756 2640 odd.
775 2609 818 2654 per
837 2609 904 2654 quas.
958 2597 974 2642 4
998 2593 1099 2654 Margus}

356 2665 467 2724 Margum
486 2665 510 2710 fl.
532 2665 596 2722 Tuo,
624 2666 716 2725 Margia
734 2665 758 2710 fl.
784 2665 848 2712 Pha.
904 2667 917 2714 ὁ
947 2668 1038 2714 drimus
1054 2662 1099 2710 AB.

357 2735 456 2782 Drinius
480 2736 503 2782 fl.
529 2735 601 2794 Ptin,
632 2738 744 2806 Δρεῖνος
766 2736 840 2792 Ptol„
870 2737 972 2784 Drinum
1001 2738 1024 2783 fl.
1052 2733 1099 2782 rab.

358 2809 372 2852 6
392 2809 461 2853 trinis
473 2809 503 2864 B,
517 2807 597 2853 Trinis
609 2807 678 2863 οάἱιίς
691 2805 804 2868 sortasse
817 2808 988 2869 ditroyrapkia.
1027 2811 1040 2854 7
1058 2803 1099 2852 Na·

357 2882 452 2935 renum]
471 2879 536 2925 Naro
556 2877 619 2924 aliia.
684 2881 697 2924 9
727 2877 846 2936 Saxonial
867 2880 939 2926 dania
958 2881 1058 2925 saxonia
1079 2872 1099 2926 C,

358 2951 430 2996 dania
447 2950 492 2994 AB
510 2950 573 2994 editi.
648 2952 678 2994 11
708 2955 750 3009 ayt
779 2949 802 2996 C.
879 2951 908 2995 12
937 2957 1057 3009 gottorum
1080 2943 1098 2989 C·

353 3023 387 3066 18
417 3021 524 3079 proferre
542 3021 586 3064 AB
604 3021 670 3066 editi.
729 3022 760 3066 14
788 3022 808 3065 si
827 3025 894 3076 sunt]
914 3022 1003 3067 sistunt
1021 3023 1049 3076 A,
1074 3017 1100 3062 si·

349 3097 420 3136 stant
440 3089 463 3146 C,
491 3092 601 3136 existunt
618 3090 689 3146 Roth,
718 3098 774 3138 sunt
793 3093 856 3137 editi.
894 3092 904 3136 ΙΙ
939 3093 995 3150 qni]
1019 3105 1063 3149 que
1081 3085 1100 3132 C·

350 3161 387 3206 15
418 3161 493 3217 Dina}
523 3162 585 3207 Lina
609 3163 659 3206 202
680 3162 711 3208 9!
741 3164 751 3208 ΙΙ
780 3166 857 3218 stant}
881 3167 937 3208 sunt
962 3162 991 3219 C,
1020 3157 1102 3207 om.B

346 3231 420 3276 editi.
478 3233 508 3276 la
537 3231 641 3290 plurima
659 3239 782 3280 transeunt
801 3233 864 3279 editi.
921 3234 952 3277 18
978 3229 1099 3282 Lamizonl

346 3300 445 3348 Amisia
457 3302 531 3348 Tacit.
539 3302 557 3360 1,
570 3303 676 3350 Amisius
691 3303 755 3350 Mela
768 3311 790 3350 et
802 3303 882 3350 Ptin!
909 3319 911 3322 ·
939 3305 969 3348 19
988 3306 1068 3364 ypada
1081 3298 1100 3344 0-
