2376 3904
96 319 120 364 V
138 320 172 366 28
868 323 921 378 417

119 489 130 531 1
171 462 227 546 qui
255 464 343 526 venit
372 463 412 527 de
441 464 535 528 India
557 464 668 532 Serica
689 468 862 536 Bactriana
891 484 923 538 et

117 589 132 634 a
170 564 440 652 portasOaspias.
485 569 540 651 qui
556 566 707 636 Oceanus
722 574 828 660 tangit
839 573 924 662 ¹Scy-

117 693 132 738 a
169 669 271 734 thiam
287 669 495 736 heremosam.
530 674 647 738 iterum
657 675 851 758 Amazones,
867 679 923 744 ubi

117 797 133 841 4
170 797 235 854 eas,
258 785 428 859 postquam
444 798 591 862 egressae
607 787 683 841 sunt
705 778 744 842 de
760 781 922 847 montibus

118 899 131 944 5
171 875 344 960 Caucasis,
381 880 480 944 fuisse
514 880 661 966 legimus.
717 883 923 967 postmodum

117 1004 131 1048 c
169 983 276 1068 tangit
303 983 373 1066 ipse
401 980 551 1050 Oceanus
582 984 768 1050 Roxolanos
788 1007 921 1051 necnon

117 1107 131 1151 ι
169 1083 353 1166 Sarmatas,
398 1088 475 1150 item
514 1085 673 1172 Scythas,
716 1090 922 1174 postmodum

117 1211 131 1254 a
170 1189 341 1254 Rereferos
371 1198 403 1253 et
432 1188 658 1273 Sisdefennos,
687 1217 798 1257 verum
825 1195 920 1260 etiam

117 1315 131 1358 a
170 1290 390 1374 Germaniam,
405 1292 461 1358 ubi
476 1295 543 1381 egit
557 1295 702 1360 habitare
717 1297 830 1362 Dauos
846 1319 921 1363 nec·

100 1417 131 1462 ιο
169 1419 234 1460 non
257 1394 378 1478 Saxas,
401 1397 497 1462 etiam
519 1399 646 1463 Frixos.

101 1522 130 1565 ιι
212 1499 269 1564 Ad
290 1509 415 1586 partem
437 1510 545 1566 autem
567 1500 799 1570 occidentalem
821 1505 920 1571 habet

101 1625 129 1668 ιι
166 1614 255 1668 totus
278 1602 417 1668 mundus
438 1605 535 1670 finem
551 1603 718 1670 Oceanum
739 1609 794 1690 qui
814 1610 919 1694 tangit

100 1728 130 1772 ιι
168 1706 309 1772 Galliam
330 1707 498 1795 Belgicam
521 1717 554 1772 et
576 1707 794 1793 Germaniam,
823 1733 919 1795 quam

99 1836 130 1879 14
168 1810 282 1892 modo,
311 1821 348 1875 ut
371 1813 525 1894 diximus,
552 1813 751 1878 Francorum
774 1815 918 1899 possidet

99 1937 128 1982 15
166 1915 342 2000 generatiO,
357 1916 433 1978 ilem
444 1914 622 1980 Britaniam
638 1926 670 1980 et
684 1919 821 2008 patriam
835 1939 917 2001 quae

99 2041 128 2086 rc
166 2017 285 2082 dicitur
299 2018 474 2084 Nistricus.
515 2019 574 2083 sed
588 2043 654 2084 non
669 2019 709 2084 de
724 2021 830 2086 insula
844 2021 917 2084 Bri-

165 2314 181 2359 2
201 2315 282 2372 caspia
293 2316 322 2359 A.
341 2314 351 2359 ΙΙ
369 2315 423 2372 qui]
437 2329 496 2372 quas
507 2317 550 2359 AB
556 2333 564 2371 ;
578 2314 612 2375 cf.
626 2316 676 2362 324
696 2319 711 2362 5
726 2331 771 2376 aq,
784 2316 824 2362 abi
835 2315 926 2362 cadam·

166 2383 285 2444 lcyaarar.
313 2385 322 2430 ΙΙ
348 2386 445 2432 silhiam
463 2385 510 2442 AG,
534 2387 639 2445 sythiam
656 2389 686 2433 B.
742 2389 756 2433 3
784 2400 915 2433 cremonam

162 2455 229 2500 aditi.
256 2455 266 2500 11
291 2457 434 2502 admaaones
456 2458 489 2510 A,
517 2457 661 2504 admazancs
686 2455 709 2503 0.
770 2459 786 2502 4
806 2458 820 2504 5
848 2465 915 2516 post·

162 2539 236 2586 qnam
255 2526 283 2571 da
301 2526 424 2572 montibus
442 2528 549 2573 caucasis
566 2541 659 2587 egresse
670 2533 727 2574 sunt
745 2527 769 2573 C.
825 2529 839 2574 ὃ
858 2543 915 2574 cau-

162 2597 226 2644 sacis
239 2599 266 2652 Α,
285 2599 391 2644 caucasis
402 2597 431 2642 B.
488 2598 652 2644 Groxolanas
672 2597 695 2645 C.
752 2601 765 2643 7
790 2599 913 2655 sithiasrl,

162 2668 247 2726 sythas
256 2666 305 2713 BC.
354 2669 368 2714 8
387 2668 515 2714 Rerefenos
525 2675 548 2714 et
557 2668 699 2716 Sidefenncs
709 2669 772 2714 editi.
821 2671 834 2715 9
856 2668 914 2716 Ger-

160 2739 275 2795 maniam,
298 2739 342 2785 nbi
360 2740 410 2799 egit
427 2739 537 2802 habitare
560 2742 699 2786 omittantur
715 2750 790 2798 saura
808 2740 858 2785 324
879 2740 913 2786 12

161 2809 171 2855 11
190 2809 379 2867 germania-AB,
408 2808 520 2857 Germani
538 2810 603 2856 adia.
679 2811 705 2856 111
735 2810 821 2868 Sexus,
840 2813 913 2858 etiam

161 2880 260 2936 Frixosl
273 2879 389 2937 Saxones,
402 2882 474 2926 etiam
486 2881 596 2928 Frisonas
608 2881 658 2928 324
680 2881 712 2927 13
731 2882 771 2927 14.
796 2883 806 2928 l
825 2882 911 2938 atiani]

160 2957 186 2996 ct
203 2951 275 2996 etiam
296 2949 320 2996 0.
397 2953 426 2997 11
455 2955 547 3009 autem}
570 2967 627 3000 vero
652 2952 676 3000 C.
713 2952 722 2998 ΙΙ
760 2953 851 2998 habens
868 2952 912 2997 AB

161 3021 226 3067 adia.
318 3023 349 3068 18
378 3022 489 3069 bellicam
519 3022 568 3069 BC.
613 3026 623 3070 il
666 3029 691 3070 et
712 3037 757 3068 cna.
779 3023 823 3068 AB
845 3022 909 3067 cdiii.

163 3093 196 3136 14
223 3097 251 3137 nt
275 3093 392 3148 diximus}
421 3093 470 3138 324
499 3094 541 3139 16.
633 3096 663 3140 15
694 3093 821 3140 Britannia
846 3093 910 3138 editi.

160 3163 170 3207 11
183 3166 219 3218 etl
239 3163 276 3208 vel
295 3164 339 3208 ΑΒ
357 3163 420 3209 editi.
457 3166 466 3210 ΙΙ
500 3167 580 3224 patria
598 3164 662 3211 edili.
726 3165 757 3210 16
785 3163 911 3208 Nustricus

160 3231 226 3288 aditi,
251 3236 266 3278 i.
286 3248 305 3278 e.
328 3233 452 3291 Neusuia3
471 3231 581 3282 Niustria
602 3237 672 3282 Perta
694 3249 755 3280 mou.
778 3235 795 3278 l.
810 3236 908 3291 passim.

160 3305 171 3350 11
185 3305 245 3358 ncnl
264 3319 307 3350 nos
325 3305 395 3352 ΑΒΘ.
423 3307 432 3352 l
458 3307 577 3353 britanica
594 3307 622 3364 A,
642 3306 767 3353 Britannia
785 3304 848 3356 editi,

712 3390 742 3432 2Ῑ
