2464 3896
106 300 145 346 rs
878 293 912 354 is

41 489 43 500 ,
121 469 131 512 1
164 445 350 527 ostenditur,
378 446 462 510 siout
484 445 538 510 hie
565 455 704 511 testatur
730 447 809 511 mihi
837 471 912 513 san·

119 573 132 616 r
164 558 231 613 otus
259 549 458 614 Athanasius
486 548 704 614 Alexandriae
740 552 910 637 episeopus

120 675 132 721 s
165 650 202 716 ab
227 653 391 718 Antiocho
418 651 596 736 exquisitus
624 653 771 738 praeside
799 653 910 720 dicens

119 779 133 825 4
166 757 373 836 „testificatur
393 756 471 820 mihi
494 765 608 820 saneta
622 755 782 842 seriptura
799 757 910 824 dicens

120 885 132 930 5
164 859 246 941 quod
266 859 425 944 plantavit
447 858 526 924 deus
549 859 734 945 paradisum
760 862 794 925 in
816 861 910 926 Eden

120 990 132 1034 r
164 960 202 1025 ad
216 960 398 1027 OrIentem:
421 962 517 1028 dooet
540 964 625 1028 enirn
641 985 700 1029 nos
717 963 793 1048 quia
806 965 841 1028 in
856 988 911 1031 ex-

121 1091 132 1134 7
163 1073 260 1130 trenm
275 1063 418 1132 Orientis
432 1068 533 1132 totius
548 1077 653 1132 terrae
668 1077 718 1132 est
730 1068 909 1153 paradisus.

120 1193 132 1239 s
166 1191 258 1253 quam
281 1170 322 1235 ob
345 1192 413 1234 rem
435 1171 527 1234 aiunt
554 1170 686 1254 quidam
709 1171 911 1237 disertissimi

121 1299 133 1341 s
163 1272 407 1360 historiographi
429 1273 580 1356 quoniam
601 1283 772 1360 propterea
792 1284 911 1340 ouneta

107 1401 132 1445 lo
164 1376 378 1452 ambrosiiiera
393 1378 572 1464 gignuntur
594 1378 680 1442 siout
693 1381 840 1464 proxima
853 1403 911 1465 pa-

107 1507 131 1550 11
162 1480 255 1546 radisi
283 1482 392 1546 existit
418 1482 595 1566 provincia.
645 1491 678 1546 et
705 1483 911 1566 quemadmo-

106 1609 132 1654 η
164 1583 235 1650 dum
255 1586 381 1672 palmae
403 1585 540 1650 maseuli
560 1587 705 1671 proxime
731 1587 910 1652 vicinantes

107 1713 132 1757 1³
163 1689 291 1755 {eminas
313 1689 437 1774 palmas
459 1711 518 1774 per
545 1690 772 1774 aspirationem
797 1676 911 1755 vento-

107 1813 134 1859 14
163 1815 227 1857 rum
248 1792 443 1858 fructificare
465 1792 599 1873 faciunt,
628 1794 674 1858 its
696 1792 848 1859 videlieet
870 1817 911 1858 ex

107 1913 134 1960 15
163 1897 304 1979 paradiso
325 1905 493 1960 ventorum
511 1894 645 1960 flatibus
665 1896 806 1983 flagrans
825 1898 910 1982 aspi-

108 2019 133 2064 16
164 2001 238 2064 ratio
264 1999 477 2064 vicinantium
506 1998 568 2063 sibi
603 1998 749 2064 loeorum
778 1999 909 2065 arbores

109 2121 131 2168 17
164 2112 299 2167 aromata
321 2103 455 2189 gignere
478 2102 587 2166 feeit.“

110 2225 131 2272 n
201 2207 343 2290 Taleque
365 2205 585 2270 testimonium
607 2205 694 2290 quod
716 2207 785 2292 ipse
801 2207 910 2272 existit

162 2419 175 2465 1
199 2421 303 2469 ostendit
313 2424 343 2480 A,
361 2421 513 2468 hostenditur
523 2422 554 2469 B.
574 2421 585 2468 o
608 2421 669 2468 mihi
686 2425 791 2478 meurs}
810 2422 836 2468 in
853 2437 908 2470 san·

161 2491 201 2537 etis
216 2493 280 2540 aditi.
354 2494 368 2538 2
396 2493 541 2540 athanaxius
558 2493 588 2538 B.
662 2494 677 2538 3
705 2493 839 2552 exquisivit
856 2494 907 2541 AB.

160 2560 169 2606 ΙΙ
179 2562 256 2610 disens
274 2578 320 2609 om.
333 2563 362 2609 A.
435 2563 449 2610 5
477 2565 502 2609 in
520 2559 598 2621 Eden]
618 2564 710 2610 in⁰dem
728 2566 758 2609 A.
826 2565 841 2610 7
870 2570 908 2610 to-

160 2633 207 2679 rius
221 2635 252 2680 B.
270 2635 281 2681 ΙΙ
300 2635 472 2694 paradysusA
528 2637 543 2680 t
571 2633 742 2694 istoriographi
758 2637 786 2693 A,
805 2636 909 2693 ystorio-
978 2683 980 2686 .

160 2705 238 2764 graphi
250 2706 281 2752 B.
326 2706 358 2752 10
377 2705 585 2762 ambroxiisaraB,
603 2710 737 2751 aromatum
746 2719 835 2765 genera
844 2705 907 2752 aditi.

160 2773 169 2819 ii
180 2781 233 2832 port
249 2776 382 2835 gignuntur
393 2776 450 2821 adiit
462 2774 553 2821 addunt
565 2777 590 2821 in
603 2774 681 2834 Magis
694 2775 850 2822 orientalibus
862 2777 908 2822 hoo

160 2850 193 2891 est
207 2846 297 2893 Indicis
314 2846 431 2905 partibus,
450 2852 543 2904 empta
561 2847 695 2905 capraccia
705 2845 832 2892 Athanasii
850 2850 908 2915 arpi

159 2914 192 2966 τὰ
202 2912 412 2986 ἀνατολιηῶτερα
419 2912 500 2980 ἤγουν
509 2918 545 2967 τὰ
553 2911 651 2967 Ἰνδικὰ
662 2919 734 2984 μέρη,
747 2918 836 2964 Attea:
849 2917 909 2976 Opa-

159 2987 241 3034 ml]
245 3002 271 3046 p.
279 2986 349 3034 2281
360 2987 455 3034 Patavii
467 2985 596 3047 1777soi.
618 2987 629 3033 ii
646 2987 719 3033 menti
728 2989 756 3032 A.
802 2988 833 3033 11
853 3002 909 3047 pro-

160 3058 230 3104 uintia
240 3058 271 3104 Β.
321 3058 353 3104 12
375 3057 476 3104 maseuli
487 3059 607 3117 proximat
619 3058 720 3104 maximi
731 3061 844 3118 proxima
855 3059 907 3104 AB.

163 3128 189 3174 lt
214 3128 308 3189 palmas
325 3141 369 3174 ona
379 3132 408 3175 A.
427 3128 437 3175 ΙΙ
456 3129 644 3188 adspirationem
663 3128 772 3175 (imm.
814 3129 847 3174 14
872 3129 908 3174 fa-

162 3199 228 3257 tiunt}
246 3201 357 3247 nesciunt
368 3202 396 3246 A.
466 3200 497 3246 15
525 3199 636 3260 flagrans]
649 3215 681 3245 aa
692 3196 818 3259 Mgrans?
836 3199 846 3244 ΙΙ
865 3200 907 3244 ad-

162 3271 253 3329 spiratio
272 3270 377 3318 (ima
432 3271 463 3317 17
482 3271 680 3318 saturnana
734 3271 766 3316 18
786 3269 870 3316 extitit
877 3270 907 3316 A.
