2358 3906
77 345 131 390 v4

94 515 104 556 l

91 616 106 660 1

92 717 105 760 3

91 819 107 863 1

93 925 107 968 5

93 1031 107 1075 6

94 1137 107 1179 7

94 1240 108 1283 8

95 1343 109 1386 9

80 1446 110 1490 10

80 1548 110 1592 11

82 1648 112 1692 11

81 1753 111 1798 13

84 1856 113 1900 11

82 1958 112 2004 10

85 2061 113 2106 10

84 2163 113 2210 17

86 2270 114 2314 18

301 490 412 557 Setabi

300 596 420 661 Turres

298 699 413 764 Edelle

300 801 406 868 Celeri

300 902 465 972 Lucentes

298 1009 355 1074 Ad
376 1011 484 1075 leones

299 1113 379 1178 llice

301 1215 444 1304 Cartago
468 1215 635 1303 Spanaria

298 1320 396 1386 Baria

300 1423 425 1490 Aderia

302 1525 471 1594 Caesarea.

192 1630 226 1694 A
248 1631 380 1695 civitate
404 1653 486 1716 quae
510 1631 629 1697 dicitur
644 1631 730 1716 Alpa
745 1630 905 1696 maritima

149 1735 237 1798 cirea
257 1734 330 1819 ipsa
343 1735 439 1800 litora
453 1737 550 1802 maris
565 1757 668 1818 usque
684 1733 726 1800 ad
742 1735 905 1800 eivitatem

150 1860 232 1922 quae
256 1836 377 1902 dicitur
399 1835 559 1904 Caesarea
588 1849 663 1904 sunt
685 1839 833 1904 civitates
856 1862 907 1904 sa-

148 1942 322 2028 ptuaginta
350 1951 383 2006 et
410 1951 627 2029 supputantur
655 1942 792 2008 miliaria
820 1943 907 2008 mille

150 2044 273 2110 decem.

181 2147 213 2216 4.
259 2147 383 2214 Iterum
405 2150 519 2216 civitas
541 2147 680 2217 Lenuba

301 2251 433 2317 Maoala

152 2488 164 2531 1
195 2483 310 2531 Setavum
338 2485 389 2532 301
419 2485 442 2531 9.
528 2487 543 2532 0
570 2487 658 2534 Turres
685 2488 757 2532 atium
784 2485 835 2532 301
865 2486 907 2532 10.

151 2558 166 2604 3
195 2555 257 2602 Eloa
276 2555 327 2602 301
348 2557 390 2602 11.
460 2557 490 2602 «4
518 2557 602 2604 celeris
625 2557 652 2614 G,
680 2555 776 2604 Celeret
793 2557 844 2604 301
864 2557 906 2602 12.

151 2628 165 2674 5
194 2625 314 2672 Lucantas
341 2629 412 2673 etium
437 2626 489 2674 301
517 2628 560 2687 11,
588 2643 632 2674 om.
659 2627 687 2674 0.
772 2629 786 2674 6
814 2628 908 2675 Leones

150 2697 203 2744 301
222 2697 266 2756 15,
285 2698 316 2744 ad
328 2697 411 2744 lennes
431 2698 459 2744 G.
516 2700 530 2744 7
555 2699 763 2745 Η111ω30117.
822 2701 909 2746 Scar-

150 2774 208 2828 tago
233 2769 339 2828 partaria
364 2767 425 2815 Gau
445 2769 496 2815 305
516 2771 530 2814 1
551 2776 574 2815 et
593 2769 624 2828 0,
653 2771 768 2830 chartago
792 2771 910 2829 spartaria

150 2841 196 2886 AB
212 2839 279 2887 editi.
334 2840 348 2884 9
368 2839 454 2888 Barria
470 2840 521 2886 305
542 2840 565 2897 2,
588 2841 655 2888 varia
674 2840 702 2887 0.
758 2842 791 2887 10
819 2842 909 2887 abdera

152 2911 250 2956 Gadita*
266 2915 294 2955 ut
311 2909 363 2956 305
383 2910 407 2956 3.
463 2913 493 2958 11
524 2909 642 2959 Caesarea
660 2914 730 2958 etiam
748 2911 799 2958 305
819 2911 843 2968 1,
869 2924 908 2956 ca-

151 2995 245 3028 saraam
257 2981 287 3039 A,
312 2994 408 3028 casarea
420 2987 555 3042 augustana
575 2983 602 3028 0.
659 2985 690 3029 13
709 2983 775 3042 ipsa}
793 2983 870 3041 ipsius
884 2979 907 3027 0.

151 3053 162 3100 ΙΙ
175 3053 208 3098 ad
226 3066 272 3097 om.
290 3051 334 3096 ΑΒ
353 3052 418 3098 aditi.
492 3055 524 3098 14
553 3067 674 3100 cesaream
697 3058 856 3112 augustanam
881 3051 909 3098 G.

150 3123 160 3171 ΙΙ
170 3129 229 3181 poet
241 3121 352 3169 civitates
365 3121 384 3169 0
396 3122 451 3169 add.
462 3137 517 3170 eum
526 3125 587 3183 ipsa.
606 3124 616 3170 ΙΙ
637 3124 804 3183 septuaginta}
815 3133 868 3168 uxx
883 3120 908 3181 0,
1008 3157 1011 3164 .

151 3200 207 3240 amu
224 3195 350 3252 aeoeayiuta
366 3207 456 3240 uovam.
530 3196 560 3241 15
589 3201 613 3240 et
631 3199 793 3254 supputantur
816 3207 860 3239 om.
882 3190 906 3239 0.

155 3266 187 3310 16
206 3269 264 3322 post
277 3265 360 3310 decem
374 3264 459 3312 0000.
472 3265 583 3312 civitates
594 3267 640 3312 ista
653 3270 709 3311 aaut
719 3277 762 3310 ux.
813 3265 843 3311 17
864 3263 910 3310 La-

154 3333 303 3403 nubaru305
325 3334 349 3381 5.
406 3338 437 3383 18
465 3335 561 3384 Malaca
578 3336 636 3382 editi
652 3341 679 3382 ut
697 3334 749 3381 305
768 3335 792 3382 0.
