2378 3902
90 328 168 376 1v15
642 349 644 356 ι
856 331 909 404 nos

106 498 117 540 1
154 477 308 561 patriam.
358 485 466 540 tamen
496 478 582 562 ipsas
605 478 726 562 patrias
748 479 910 563 praefatus

104 601 118 644 a
154 578 308 645 Iordanis
321 579 584 666 chronographus
596 580 744 647 subtilius
753 583 910 668 exposuit.

106 703 119 748 3
189 681 245 750 15.
283 683 362 748 Non
379 685 463 749 ultra
474 682 662 750 Danubium
677 684 735 750 sed
750 684 910 769 quomodo

105 807 119 849 4
156 786 200 850 ad
224 810 311 852 mare
334 810 493 874 magnum*
501 788 632 872 ponitur
645 789 750 873 patria
765 811 846 872 quae
862 789 910 854 di-

106 907 119 953 a
157 891 245 954 citur
266 889 434 976 Illyricus‚
458 882 497 956 'et
525 914 607 976 quae
636 915 656 955 a
677 891 785 957 multis
808 892 911 978 philo·

107 1015 120 1058 s
157 995 271 1080 sophis
294 995 434 1058 maxima
456 995 714 1080 septentrionalis
736 1010 810 1081 pars
832 995 910 1080 Illy-

107 1121 120 1164 1
156 1099 246 1163 ricus
270 1099 367 1162 etiam
395 1096 598 1179 adscribitur,
624 1108 732 1164 tamen
754 1099 834 1164 haec
855 1123 912 1184 pa-

108 1223 122 1266 s
141 1225 142 1228 ¹
158 1202 222 1267 tria
245 1202 365 1266 dicitur
378 1224 436 1286 pro
453 1210 541 1266 certo
554 1199 714 1288 Illyricas.
760 1204 851 1268 cuius
867 1202 911 1269 Il·

109 1324 122 1366 o
158 1305 280 1390 lyricae
302 1305 424 1390 patriae
446 1305 554 1391 plures
577 1307 748 1391 scriptores
770 1306 912 1392 philoso-

95 1427 124 1470 1o
159 1409 216 1494 phi
239 1409 431 1489 extiterint,
459 1432 499 1472 ex
522 1408 638 1493 quibus
661 1433 722 1496 ego
744 1410 809 1496 legi
830 1409 911 1476 Pro-

96 1529 123 1572 11
159 1513 270 1578 vinum
286 1521 320 1576 et
334 1510 527 1576 Marcellum
541 1522 637 1598 atque
652 1514 832 1578 Maximum
845 1513 912 1578 Ro-

97 1630 125 1674 12
160 1639 328 1682 manorum
343 1615 566 1702 philosophos3
585 1617 643 1682 sed
658 1640 718 1704 ego
734 1617 911 1682 secundum

98 1735 127 1778 13
161 1721 343 1786 Maximum
371 1717 513 1784 eiusdem
536 1721 659 1807 lllyrici
688 1722 833 1785 civitates
857 1720 912 1786 de-

99 1839 128 1885 14
163 1825 298 1912 signavi.
343 1824 377 1887 in
400 1845 463 1906 qua
483 1823 607 1911 Illyrici
632 1825 736 1909 patria
757 1825 910 1909 plurimas

100 1944 128 1988 11
162 1930 260 1994 firisse
291 1928 437 1991 civitates
464 1928 618 2014 legimus,
648 1950 688 1991 ex
714 1927 831 2011 quibus
855 1929 911 1992 ali-

101 2049 130 2096 rn
163 2042 298 2116 quantas
321 2029 490 2117 designare
511 2033 670 2113 volumus,
692 2031 728 2095 id
750 2041 798 2096 est

102 2153 129 2197 17
313 2133 432 2200 Cubita

102 2256 130 2301 1s
314 2236 425 2302 Ceflon

102 2358 130 2402 19
312 2342 485 2407 Nausarou

102 2461 130 2507 ao
312 2444 431 2536 Scupis

165 2610 179 2652 2
202 2610 389 2668 cosmographus
409 2609 427 2656 0
444 2610 508 2655 aditi.
564 2611 577 2655 3
606 2609 739 2667 quomodo}
760 2609 829 2667 quasi
847 2610 911 2655 editi.

166 2680 179 2724 5
202 2679 304 2726 illiricus
322 2679 393 2738 ABG,
416 2683 440 2725 in
463 2679 609 2740 sequentibus
631 2693 796 2739 nonnunquam
818 2680 911 2740 yllir-

164 2749 199 2795 vcl
216 2751 301 2797 illir-
329 2750 338 2796 ll
364 2754 390 2807 a]
411 2752 442 2797 ad
460 2753 490 2796 B.
559 2753 572 2796 6
602 2751 707 2797 maxime
730 2751 794 2796 aditi.
823 2752 832 2796 ΙΙ
856 2767 911 2811 pars

165 2821 357 2880 septentrionalis
387 2820 410 2867 C.
439 2822 449 2867 ll
474 2822 562 2867 illirius
589 2823 619 2866 Β.
693 2823 706 2867 7
735 2822 806 2868 etiam
826 2837 870 2868 om.
890 2823 912 2868 B

165 2893 226 2938 aditi.
254 2893 264 2938 ll
291 2893 419 2938 ascribitur
439 2891 462 2939 C.
514 2893 544 2938 10
569 2892 698 2938 Provinum
716 2897 741 2938 et
758 2893 909 2950 Marcellum]

164 2962 321 3010 Marcellinus
345 2970 368 3008 at
385 2963 503 3009 Probinus
526 2962 632 3008 consulas
655 2965 711 3008 anni
729 2963 823 3022 34211.
845 2962 912 3019 cnm

164 3032 195 3094 cf.
205 3036 237 3080 lo.
248 3035 321 3094 Bnpt.
332 3034 360 3080 de
368 3035 445 3091 Rosci,
466 3032 580 3080 Giornule
588 3035 707 3080 Arcadico
720 3035 743 3079 T.
754 3034 814 3091 121,
833 3035 911 3079 1851.

166 3106 195 3151 12
223 3105 391 3165 phylosophos
415 3107 444 3150 A.
512 3106 542 3151 13
571 3105 691 3161 eiusdem}
716 3105 834 3151 eiusdicta
860 3105 912 3159 AB,

164 3175 318 3232 cinciano,
338 3176 443 3222 eiusdem
457 3176 516 3221 dicti
529 3175 593 3222 editi.
612 3177 621 3222 ll
637 3175 724 3222 illirice
738 3175 762 3222 0.
814 3177 844 3220 17
865 3175 913 3221 Cu·

163 3247 225 3304 bita}
247 3246 352 3293 Gurbita
373 3247 429 3292 Tala
486 3248 515 3292 18
545 3245 640 3304 Callon}
659 3245 698 3291 Ad
717 3245 835 3305 cephalon
856 3245 912 3291 Tab.

165 3319 195 3364 19
214 3318 349 3374 Nausarou}
362 3317 486 3364 Anausaro
503 3316 558 3363 Tub.
596 3318 628 3364 20
648 3317 744 3375 Scupisl
757 3315 842 3364 Sarnis
857 3315 913 3362 ran.
