2376 3904
79 313 151 361 666
382 279 384 282 ’
851 309 905 365 ³85

94 483 105 526 1
145 481 215 543 que
238 457 283 523 ad
302 481 389 522 mare
413 480 564 544 magnum
589 459 710 542 positas
726 459 904 523 nominavi·

93 585 107 629 6
145 586 233 628 mus.
283 583 343 626 nos
366 559 504 644 denique
527 561 721 625 arbitramur
735 559 822 645 quod
837 586 902 628 non

94 692 107 735 6
144 665 332 731 inconsulte
356 687 409 728 eas
433 665 478 728 ita
499 665 723 750 exposuimus,
745 663 803 730 sed
826 664 903 731 dum

93 795 109 838 6
145 769 372 834 inchoavimus
402 791 456 833 eas
485 777 541 832 aut
568 767 609 832 ab
639 763 772 832 Oceano
800 779 856 833 aut
885 793 904 834 a

94 897 108 941 0
146 873 227 959 iugo
250 873 419 952 montium,
442 869 663 936 ordinabiliter
678 893 732 936 eas
754 871 903 957 exposui-

94 1001 108 1044 0
146 999 222 1041 mus
244 997 348 1058 usque
370 973 413 1038 ad
426 997 513 1040 mare
528 997 697 1062 magnum:
720 996 904 1060 quanquam

96 1103 109 1146 6
148 1078 193 1143 ad
221 1099 309 1144 mare
337 1078 549 1162 pertinuimus
578 1099 746 1164 magnum,
774 1101 903 1144 rursum

96 1207 110 1250 6
147 1182 385 1262 66666666166666,
408 1189 444 1244 ut
467 1179 590 1246 dietum
613 1191 678 1262 est,
708 1189 765 1246 aut
788 1183 902 1270 aiugo

150 1434 165 1480 2
186 1446 279 1492 nosque
297 1431 341 1478 AB
359 1429 423 1477 editi.
450 1431 460 1477 ΙΙ
485 1431 629 1479 arbitramus
646 1432 670 1477 B
687 1432 752 1490 aditi,
777 1434 903 1492 opinamur

148 1507 232 1564 (corr.
250 1502 408 1561 arbitramur)
430 1499 454 1548 0.
526 1503 541 1550 Β
569 1501 715 1559 inconsulto}
741 1508 778 1550 aut
799 1502 850 1550 ulta
871 1505 902 1562 B,

149 1575 219 1622 uelut
235 1576 264 1634 A,
292 1573 365 1620 stulto
383 1572 448 1619 aditi.
466 1572 476 1618 il
510 1586 551 1620 666
568 1573 598 1618 Β.
654 1574 670 1620 4
697 1579 739 1624 aut
758 1576 828 1634 (port
846 1574 903 1635 666)

149 1645 238 1693 omn.
265 1645 275 1690 ΙΙ
301 1650 343 1690 aut
361 1646 387 1699 a}
406 1642 472 1689 vela
489 1644 534 1689 AB
552 1645 617 1690 editi.
671 1645 685 1690 b
714 1644 784 1704 iugo]
802 1643 861 1692 ludo
880 1645 903 1691 B

149 1716 216 1763 aditi.
253 1715 263 1762 ΙΙ
301 1713 439 1762 ordinaliter
463 1711 487 1761 C.
561 1715 575 1760 6
603 1715 730 1772 magnum]
756 1727 845 1774 magno
871 1716 901 1762 B.

149 1788 159 1834 ΙΙ
173 1787 324 1847 quanquam]
348 1785 491 1844 quandoque
520 1783 544 1832 0.
629 1785 654 1833 8Δ
672 1785 851 1832 rediteravimus
877 1785 901 1834 G.

149 1858 159 1904 ΙΙ
171 1859 243 1918 iugo]
262 1857 319 1904 ludo
338 1856 361 1902 B
379 1855 443 1902 editi.

351 2080 450 2120 Summae

356 2133 442 2172 urbium
556 2131 644 2172 Numeri

338 2189 364 2226 ab
378 2192 465 2226 auctora
531 2186 661 2234 singularum

195 2239 214 2280 0
243 2267 249 2280 .
346 2240 460 2280 iudicatae.
552 2239 645 2279 urbium.
771 2235 869 2276 Miliaria.

399 2297 431 2344 66
592 2295 624 2341 66
786 2293 853 2339 6666

303 2355 307 2364 ’
382 2368 429 2412 666
575 2366 625 2411 114
787 2364 853 2410 1000

400 2439 430 2484 66
592 2437 623 2482 66
787 2435 853 2481 6666

398 2509 430 2554 66
591 2506 623 2552 66
786 2505 853 2552 6666

399 2579 430 2626 66
592 2577 623 2623 66
787 2575 854 2623 6666

397 2651 429 2696 66
592 2647 623 2693 66
787 2647 854 2692 6664

399 2721 430 2768 66
592 2717 624 2765 66
786 2718 853 2764 6666

398 2791 430 2838 66
593 2789 624 2835 66
786 2788 853 2834 6666

398 2863 431 2908 66
593 2860 624 2906 66
787 2859 853 2905 6666

398 2933 430 2980 66
592 2931 623 2977 66
787 2930 853 2976 6666

399 3005 431 3050 66
593 3003 624 3048 66
787 2999 853 3044 6666

400 3073 430 3121 66
593 3073 623 3118 66
785 3070 853 3115 6666

399 3145 429 3191 66
592 3145 623 3190 66
787 3140 854 3185 6666

398 3217 430 3262 66
592 3215 623 3260 66
786 3210 853 3257 6666

301 3273 903 3350 W

702 3383 732 3421 20
