2404 3896
95 307 192 344 ormo
212 295 245 344 68
343 255 346 265 1
799 333 801 338 .
886 293 942 347 503

123 464 137 508 1
182 441 309 524 piarum
325 439 445 526 Epulia
459 442 679 526 pronuntiant,
702 444 795 526 quasi
809 443 939 528 epulum

122 567 140 611 a
183 543 220 607 id
234 552 284 608 est
298 544 470 629 prandium
492 556 640 631 paratum
662 546 918 631 omnitempore.

123 671 141 714 a
226 645 326 712 Nona
342 645 550 730 Calabria,
567 671 648 733 quae
663 650 811 735 primitus
828 647 868 714 ab
885 672 941 714 an-

124 774 144 818 4
181 751 282 833 tiquis
311 750 458 817 Britania
486 752 575 818 dieta
602 752 722 840 estsob
752 754 941 818 immensam

126 877 143 922 5
183 854 383 920 affluentiam
399 857 500 922 totius
516 855 645 921 delitiae
662 865 758 940 atque
772 856 939 922 ubertatis.

127 981 144 1024 e
182 959 264 1024 haee
287 983 306 1024 a
328 959 491 1044 superiore
513 969 605 1046 parte
620 962 671 1026 sui
687 983 707 1024 a
720 983 941 1046 maremagno

128 1087 145 1130 r
183 1061 315 1128 Gallico
338 1085 395 1127 seu
417 1063 553 1128 Tirreno
584 1065 618 1128 in
642 1063 846 1129 Adriaticum
867 1085 942 1149 pro·

129 1194 145 1238 s
182 1177 323 1232 traotum
334 1167 534 1252 provinciam
545 1166 644 1232 habet
654 1166 844 1249 Lucaniam,
859 1190 941 1252 quae

129 1299 145 1343 9
183 1270 347 1334 autentico
362 1271 501 1352 nomine,
517 1270 552 1335 id
567 1280 617 1336 est
632 1293 761 1358 graeco,
775 1270 942 1337 Leueania

110 1393 145 1438 10
182 1373 312 1438 dieitur.
408 1409 411 1416 »
620 1370 625 1378 “

111 1499 144 1544 11
227 1477 367 1544 Decima
388 1481 507 1564 quippe
530 1478 725 1544 describitur
740 1480 774 1544 in
789 1479 878 1544 nullo
893 1481 942 1544 in-

113 1605 145 1649 11
183 1582 281 1646 serior
310 1581 493 1666 dapsilitate
527 1581 693 1666 copiarum
721 1583 861 1668 Apuliae
890 1584 942 1648 vel

113 1711 146 1757 11
186 1682 367 1768 Calabriae,
397 1685 455 1750 sed
477 1686 581 1772 magis
605 1683 835 1750 abundantior:
860 1709 941 1771 quae

113 1813 147 1860 14
185 1787 527 1855 seilicetLeuoania
542 1787 583 1853 ob
599 1788 736 1854 nitorem
750 1799 941 1875 prospectus

114 1918 146 1964 15
186 1893 237 1958 sui
258 1892 324 1957 tale
347 1914 463 1958 nomen
486 1894 600 1958 sortita
622 1901 681 1958 est.

115 2024 147 2070 ιε
208 1993 264 2063 68.
301 1995 486 2062 Undecima
499 1996 667 2082 provincia
680 1995 794 2062 Italiae
810 2007 860 2062 est
871 1993 943 2062 Sa-

114 2126 147 2172 1⁷
186 2100 336 2164 mnium
363 2099 581 2182 nobilissima,
614 2107 651 2164 ut
683 2108 770 2164 retro
802 2099 942 2164 redeam.

115 2229 148 2274 ιε
189 2204 224 2268 in
256 2225 320 2287 qua
347 2215 397 2268 est
418 2203 642 2293 Beneventus‚
670 2204 792 2269 habens
815 2204 944 2270 sibimet

115 2331 149 2376 19
187 2307 373 2372 Marsorum
400 2307 566 2393 regionem
596 2328 751 2372 conexam
781 2331 801 2372 a
829 2307 943 2373 dextro

114 2435 149 2481 aa
187 2411 326 2477 Romam
349 2409 499 2475 euntibus
520 2411 631 2476 latere.

115 2537 149 2582 ar
230 2513 436 2579 Duodecimn
462 2524 513 2579 est
536 2512 756 2600 Campania
784 2515 944 2580 venustis·

116 2639 150 2686 aa
187 2619 269 2684 sima
292 2619 434 2682 omnium
456 2617 655 2683 fertilissima
676 2627 773 2702 atque
795 2617 944 2684 famosis·

223 2816 316 2862 codices
334 2813 365 2876 bf
380 2822 403 2861 et
421 2815 485 2861 Μαι.
653 2811 688 2876 os.
700 2817 760 2862 Itan.
773 2815 825 2861 248
845 2814 908 2874 7sq.

189 2923 202 2966 1
232 2921 394 2979 pronunciant
411 2921 477 2967 Mar.
531 2921 546 2966 2
575 2921 704 2968 brandium
721 2921 786 2967 Mar.
846 2920 862 2964 4
890 2918 944 2965 Bri-

187 2992 280 3038 tamnia
296 2991 361 3038 Mor.
388 2991 398 3037 ΙΙ
424 2992 556 3038 inmensam
575 2992 597 3038 b.
635 2995 649 3038 7
669 2992 778 3049 Tirrenol
796 2990 902 3050 tynrenti
921 2988 943 3046 b,

188 3063 301 3122 thyrreno
324 3063 390 3109 Mea.
426 3063 436 3109 ll
470 3063 590 3110 adustum
613 3062 634 3108 b.
671 3063 681 3108 ll
714 3067 861 3122 pertractum
879 3059 944 3106 Mna.

190 3135 220 3178 11
250 3133 331 3190 nnllol
349 3133 418 3180 nulla
429 3132 455 3194 f.
531 3134 562 3180 13
590 3138 627 3180 set
644 3131 664 3190 f.
692 3131 702 3178 ΙΙ
727 3131 906 3178 habundantior
926 3127 948 3190 f

188 3204 252 3250 Mna.
336 3207 367 3251 16
396 3209 433 3250 est
450 3204 526 3264 ytalie
547 3202 573 3264 f.
660 3203 692 3248 19
721 3213 855 3249 connexam
880 3201 944 3247 Mna.

190 3275 222 3322 22
250 3280 334 3334 atque]
354 3281 368 3322 e
387 3281 459 3334 atque
471 3273 497 3335 f.
