2376 3904
298 303 351 357 me
1030 283 1099 356 vu

321 477 329 518 1
403 451 455 520 15.
506 453 593 519 Ecce
621 465 725 520 totum
761 477 849 520 mare
877 479 1018 543 magnum
1043 456 1092 519 cir·

319 577 333 620 a
371 569 558 622 cumeuntes
587 559 734 624 civitates
769 561 858 625 circe
889 560 986 645 ipsius
1016 559 1093 622 litora

317 681 332 724 a
368 661 503 744 positas,
524 662 576 725 vel
598 663 777 746 aliquantus
800 685 935 747 quarum
955 660 1092 725 territoria

317 785 333 828 4
369 783 472 846 usque
505 763 548 828 ad
575 788 673 851 supra
699 767 855 852 scriptum
884 787 967 831 mere
992 763 1092 849 pertin·

318 887 332 931 ⁵
369 877 452 954 gunt
474 877 507 932 et
528 871 619 934 iuxta
640 872 745 954 ipsum
765 872 911 936 rcisoent
936 891 996 932 non
1012 868 1091 951 longe

317 991 332 1034 c
369 969 457 1054 quod
478 971 656 1057 discrepet,
685 971 839 1038 minutius
867 971 1091 1059 designavimus,

317 1095 332 1139 r
369 1085 401 1138 et
430 1085 506 1140 sunt
534 1076 630 1140 simul
659 1078 692 1140 in
720 1099 820 1141 rmum
847 1078 989 1141 civitates
1008 1072 1093 1136 octin-

316 1203 331 1245 ε
368 1189 485 1265 gentas
505 1179 739 1266 quinquaginta
751 1178 828 1261 duo,
850 1189 884 1244 et
904 1185 1093 1264 supputantur

315 1307 330 1350 a
367 1301 430 1348 xuu
441 1283 528 1347 mille.
542 1283 679 1348 miliaria
693 1293 725 1346 et
739 1301 854 1348 εεεεεε
871 1293 904 1348 et
917 1302 956 1347 xx
969 1279 1092 1346 miliaria.

298 1401 329 1444 1⁰
410 1387 531 1452 Nullus
552 1397 659 1450 autem
682 1387 829 1452 aestimet
850 1385 938 1471 quod
951 1407 1005 1470 per
1018 1386 1093 1469 igno·

298 1507 327 1550 11
367 1491 504 1553 rantiam
534 1512 631 1575 supra
659 1492 797 1575 scriptas
828 1491 948 1575 patrias
973 1487 1093 1571 recipro-

298 1611 328 1654 ιε
368 1591 515 1658 cabiliter
524 1601 581 1656 aut
590 1593 675 1657 inter
684 1595 855 1658 varietates
867 1592 1093 1680 designavimus,

298 1719 329 1762 ra
365 1695 443 1762 dum
458 1695 651 1780 quandoque
666 1698 756 1760 iuxta
771 1695 950 1777 Oceanum,
970 1691 1093 1779 quando·

365 1955 379 1998 2
408 1953 460 2013 ipsa
478 1953 522 1998 AB
540 1953 604 1999 editi.
632 1953 642 1999 ll
666 1953 750 2000 littora
767 1953 816 2000 ΒΟ.
890 1957 904 2000 3
934 1956 1019 2014 positae
1039 1950 1091 1996 editi.

364 2026 374 2068 :1
385 2023 425 2069 vel
452 2039 497 2069 om.
518 2022 542 2069 C.
578 2025 588 2068 ll
631 2025 780 2083 aliquantas]
804 2025 979 2083 aliquantarum
1000 2025 1020 2070 B
1041 2021 1092 2066 editt

364 2096 373 2140 li
385 2102 439 2152 post
457 2109 557 2153 querum
576 2096 599 2140 B
617 2096 674 2142 editt
686 2095 776 2141 addant
788 2097 921 2142 ciuitatum.
973 2097 985 2141 5
1005 2101 1027 2140 et
1037 2094 1093 2138 iuxta

365 2168 423 2211 -6
443 2166 562 2223 discrepet
574 2179 618 2211 om.
628 2167 673 2212 AB
684 2165 749 2212 editi.
794 2167 971 2214 timinciusB.
1006 2159 1093 2210 ‘lsimnl

364 2237 475 2282 inunum
493 2249 538 2280 om.
551 2237 651 2282 Reditt.
678 2237 689 2282 tl
713 2237 918 2284 eivitatcsom.0.
967 2240 980 2283 7
1000 2239 1013 2282 8
1031 2234 1092 2280 octin

363 2313 449 2364 genus
462 2308 637 2366 qninquaginta
649 2309 710 2364 dno}
727 2321 830 2353 summae
847 2308 878 2354 ub
897 2315 992 2354 auctore
1003 2310 1026 2352 tn
1041 2301 1093 2350 ealce

363 2378 466 2435 cupitam
481 2379 575 2435 poeitae
592 2377 699 2440 efficiunt
711 2379 770 2436 848,
790 2379 832 2424 aed
845 2393 955 2425 numeras
965 2375 1092 2438 turpatum

362 2447 502 2493 ordinarent
516 2449 575 2494 837.
631 2451 644 2495 7
674 2451 820 2510 octingintsc
833 2450 898 2496 editi.
952 2451 966 2496 8
994 2449 1093 2508 quiuqua-

362 2520 431 2576 giuta
449 2521 510 2575 duo}
528 2528 553 2566 et
571 2533 605 2566 uu
625 2519 649 2566 C.
704 2521 720 2568 8
748 2526 773 2566 et
790 2526 950 2579 supputantur
967 2535 1010 2566 om.
1022 2515 1092 2564 Porci.

364 2593 378 2634 e
406 2601 462 2635 xmn
475 2589 539 2636 mille
552 2590 655 2638 miliaria
666 2598 691 2637 st
703 2603 805 2638 occcco
817 2597 842 2637 ct
853 2605 890 2638 xx
902 2591 1014 2646 miliario}
1030 2591 1060 2635 ric
1075 2584 1092 2632 C·
1161 2643 1162 2646 Ἴ

361 2663 426 2706 rutro
452 2668 556 2717 constan
584 2663 687 2709 miliaria
707 2663 821 2710 tredecim
848 2667 972 2717 tmaceuta
987 2663 1020 2717 Α)
1041 2657 1092 2704 milia

363 2733 466 2777 ducenta
492 2731 624 2792 nonaginta
651 2737 706 2779 ooto
733 2733 777 2779 AB
799 2733 868 2788 editt·
891 2731 924 2793 cs.
946 2733 1062 2779 Guidonsn
1076 2733 1093 2772 et

362 2809 494 2861 compotum
515 2806 539 2848 r'n
555 2807 649 2864 popina
669 2807 780 2864 sequenti.
826 2806 835 2849 ΙΙ
874 2810 932 2862 post
952 2817 988 2850 xx
1007 2800 1092 2848 miliaria

365 2872 448 2919 Cadd.
467 2879 523 2919 sunt
540 2875 622 2933 itaque
635 2876 659 2920 in
672 2889 745 2921 unum
758 2877 870 2921 civitates
882 2876 945 2920 cirea
957 2875 1025 2920 litora
1035 2871 1092 2917 naris
1160 2875 1161 2884 ¹

356 2959 376 2994 ,a
399 2946 469 2990 nobis
497 2946 634 3004 designatas
661 2957 814 3003 ccc‚cco‚cc
838 2953 865 2992 et-
885 2957 931 3004 uru,
963 2952 987 2992 et
1008 2941 1092 2990 miliaria

362 3021 530 3074 supputantur,
550 3023 577 3062 ut
590 3018 702 3073 diximus,
716 3032 758 3076 per
771 3018 952 3075 quatuordecim
963 3018 1024 3062 vicos
1036 3009 1091 3066 „mil-

361 3086 446 3132 liaris“
466 3085 532 3132 mille
550 3087 669 3133 adiunctis
687 3089 759 3133 etism
777 3089 823 3134 hiis
841 3087 983 3133 milliaribus
1000 3093 1091 3132 ccoccc
1159 3139 1160 3144 ¹

361 3163 385 3204 ct
402 3169 447 3203 xx.
483 3156 598 3217 prologus
616 3159 721 3206 auctoris
740 3161 771 3204 ed
789 3159 977 3205 confirmandum
988 3157 1091 3217 portiones

361 3234 408 3275 tres
427 3228 524 3286 equales
540 3243 598 3274 esse.
655 3231 686 3274 10
706 3234 797 3286 autem]
816 3231 879 3276 enirn
897 3230 942 3274 ΑΒ
960 3229 1021 3274 editt.
1037 3226 1046 3272 l
1058 3237 1090 3269 ex·

361 3301 442 3344 stimet
455 3300 482 3354 nl,
502 3302 602 3344 extimet
617 3299 640 3344 C.
668 3302 677 3344 ll
703 3301 866 3358 ignorsncinnr
887 3300 935 3346 BC.
