2408 3892
245 267 302 322 ⁵⁵⁴

267 439 281 483 1
319 418 514 494 difenormn.
560 437 655 504 cuius
670 447 800 527 patriae
814 451 981 545 homines,
1005 479 1048 534 ut
1062 475 1110 539 ait

266 543 283 588 ι
319 524 527 598 Athanarich
542 534 730 611 Gothorum
744 552 979 649 philosophus,

267 648 283 692 a
320 635 482 700 montium
507 640 694 713 inhabitant
729 663 764 718 et
791 675 918 732 venatu
946 681 1022 740 tam
1044 681 1110 746 viri

266 753 284 799 4
321 753 420 814 quam
443 748 476 803 et
505 745 658 814 mulieoes
680 755 816 844 vivunt,
846 791 934 852 pane
955 777 1109 867 vinoque

1003 595 1109 661 rupes

727 1634 737 1668 ,
766 1613 867 1678 super
897 1623 1015 1673 omnes
1038 1635 1100 1679 na·

251 1685 284 1732 1³
318 1668 424 1736 tiones
438 1676 661 1750 velocissimos
676 1693 802 1773 profem
816 1697 981 1773 homines.
1018 1737 1099 1783 nam

252 1793 285 1839 14
318 1772 404 1838 inter
426 1788 551 1849 ceteras
573 1785 637 1852 hoo
659 1814 720 1858 sua
742 1799 796 1862 vel
817 1801 940 1874 infiunt
954 1813 1098 1888 laudant

251 1898 283 1944 1⁶
318 1877 536 1961 problematat

251 2001 283 2046 16

251 2107 283 2151 17

251 2211 283 2256 18

252 2312 283 2357 19

250 2414 282 2460 20

361 1981 575 2056 Laudabatur
594 1993 738 2067 Parthus
761 2005 795 2069 in
818 2031 899 2078 arou
922 2015 1004 2086 dum
1025 2049 1096 2095 non

565 2115 724 2170 noverant
748 2107 889 2180 Gothos.

364 2188 423 2257 Set
445 2218 465 2258 ο
488 2197 545 2262 ubi
568 2213 618 2268 est
640 2206 781 2277 Danus?

365 2293 458 2377 Quae
491 2301 602 2371 Dania
641 2309 739 2379 modo
772 2317 1093 2406 Nordomannorum

319 2419 378 2464 seu
392 2401 634 2494 Warangorum
657 2414 778 2485 dicitur
798 2429 914 2509 patria.

354 2611 447 2660 codices
465 2614 515 2679 bsv.
783 2633 818 2695 cf.
830 2637 891 2684 Rav.
906 2641 958 2691 201
980 2650 995 2692 7
1009 2666 1048 2712 sq.

320 2705 334 2751 2
365 2713 478 2767 gotomm
498 2711 524 2773 f.
608 2717 623 2764 3
651 2725 774 2773 moneium
798 2727 824 2789 f.
863 2732 873 2777 [Ι
907 2751 1033 2792 venenatfi
1062 2750 1087 2796 b.

319 2777 335 2823 4
364 2784 388 2825 et
415 2795 460 2827 om.
486 2797 508 2830 v.
600 2789 615 2835 8
641 2792 708 2840 secus
729 2794 755 2856 f.
802 2800 812 2846 ΙΙ
856 2809 1035 2870 seerdephenos
1061 2836 1085 2869 v.

320 2851 334 2896 9
362 2849 445 2899 littore
458 2852 499 2914 sv.
557 2859 587 2905 10
618 2861 706 2911 danais
723 2881 745 2912 v.
772 2869 783 2914 ΙΙ
810 2879 856 2930 qu&
875 2875 898 2922 b.
956 2885 986 2930 11
1017 2888 1087 2938 Mar.

320 2924 436 2981 eomirusl
449 2927 622 2978 marchomsrus
634 2949 656 2992 v,
674 2951 754 2984 marco
768 2946 793 2987 et
806 2944 881 2993 mirus
886 2947 914 3008 s.
971 2957 1005 3002 13
1025 2973 1087 3018 pro-

319 2993 377 3042 fecit
395 3011 416 3042 v.
444 2997 454 3042 ΙΙ
480 3004 545 3057 naml
564 3015 612 3048 non
631 3019 653 3052 v.
710 3011 743 3056 14
769 3011 883 3063 laudatur
902 3019 935 3080 bf.
996 3030 1028 3075 16
1055 3034 1084 3081 in

320 3070 385 3124 arcu]
405 3083 485 3116 marcu
504 3086 526 3117 v.
595 3076 626 3122 17
654 3087 755 3128 noverat
774 3083 810 3144 bf.
883 3091 915 3137 18
944 3095 1039 3148 danaus
1058 3119 1084 3150 v.

322 3139 353 3184 19
382 3141 463 3188 damin
484 3157 505 3188 v.
543 3144 552 3189 ΙΙ
587 3149 788 3200 nordomanorum
811 3171 832 3201 v.
903 3163 935 3209 20
965 3174 1022 3228 seul
1037 3187 1084 3223 seu

321 3211 363 3256 sed
381 3227 403 3257 v.
434 3213 444 3258 ΙΙ
475 3213 657 3276 Warangorum]
676 3235 854 3286 unarangorum
872 3245 894 3276 v.
