2464 3896
147 283 215 328 116
489 255 490 258 '
940 277 976 332 37
1067 315 1070 322 .

170 453 183 495 r
223 427 290 490 exit
313 425 353 489 de
375 427 456 490 mari
478 449 595 512 magno
617 425 754 489 Pontico
776 425 810 488 in
832 426 977 512 Propon-

169 553 185 598 a
222 529 301 594 tida.
370 529 543 613 Aethiopia
581 539 687 594 autem
721 530 852 613 ponitur
871 609 872 612 Ἴ
890 531 977 594 circa

169 653 185 698 a
223 630 350 698 Oceani
371 633 457 697 litus.
504 655 585 716 quac
599 633 764 718 Bithynia,
786 633 838 697 vel
861 634 888 698 si
910 657 978 698 me-

167 757 185 802 4
223 735 278 800 dio
300 737 473 821 propositis
496 736 605 800 multis
628 735 756 800 milibus
780 737 903 822 spatiis,
928 747 977 802 ta-

169 861 184 904 a
221 863 297 904 men
325 849 414 904 recto
443 839 557 903 itinere
587 838 629 903 ad
651 837 806 902 Arabiam
834 841 975 926 respicit.

168 963 184 1007 o
222 952 254 1008 et
276 944 329 1007 vel
352 966 371 1007 a
393 943 537 1028 sapiente
551 943 673 1006 viatore
688 941 815 1025 doctus,
838 945 978 1028 oinqui-

169 1067 183 1110 7
221 1049 312 1128 sitor,
341 1045 435 1110 crede
465 1044 553 1129 quod
580 1055 700 1129 quanto
727 1047 830 1132 magis
860 1055 910 1110 est
929 1045 977 1110 di-

169 1167 183 1211 a
220 1151 379 1216 latissima
400 1149 482 1214 Asia
514 1171 609 1232 quam
639 1171 736 1235 supra
765 1151 886 1235 scripta
910 1149 978 1214 Eu-

169 1271 183 1314 o
221 1277 313 1339 ropa,
337 1263 369 1318 et
390 1263 470 1317 tunc
493 1251 710 1317 animadverte
733 1252 820 1338 quod
843 1276 862 1316 a
883 1252 977 1317 nobis

150 1375 183 1418 ro
221 1355 354 1422 Christo
382 1357 556 1421 auxiliante
584 1357 752 1420 unirersae
778 1356 901 1441 patriae
922 1379 978 1420 ve-

150 1479 181 1522 11
219 1462 340 1525 raoiter
363 1459 550 1546 designatae
573 1469 658 1525 sunt.

150 1585 182 1629 ra
255 1563 307 1632 17.
352 1563 424 1629 Nos
447 1563 584 1648 denique
605 1564 752 1628 volumus
769 1561 899 1628 Christo
919 1588 977 1628 no-

151 1687 183 1732 ra
220 1668 271 1734 bis
295 1668 468 1732 auxiliante
492 1669 644 1753 plurimas
676 1667 822 1730 civitates
844 1669 896 1732 vel
918 1667 978 1732 llu-

151 1795 183 1838 14
220 1773 397 1835 minatam
421 1772 507 1835 circa
527 1772 604 1835 litus
628 1780 765 1854 quatuor
782 1771 977 1858 principales

152 1897 182 1941 15
222 1875 324 1938 collos
347 1875 444 1940 maris
468 1873 647 1961 designare,
670 1873 704 1938 id
727 1882 776 1938 est

152 2001 183 2046 16
264 1978 410 2042 Primum
434 1979 552 2042 colfnm
573 1977 778 2058 orientalem,
806 1978 861 2061 qui
883 1978 978 2042 remi-

152 2106 182 2150 17
222 2091 319 2168 gatur
340 2083 431 2144 iuxta
452 2082 528 2146 litus
551 2083 648 2146 maris
667 2080 707 2145 ab
724 2079 923 2145 Alexandria
945 2092 977 2145 et

150 2213 182 2258 18
222 2186 310 2271 Tyro
335 2194 367 2248 et
390 2182 510 2249 Sidone
532 2207 634 2268 usque
649 2174 817 2266 Laodicia,
840 2183 896 2248 ubi
918 2184 979 2249 llu-

150 2317 182 2360 19
221 2290 292 2354 vius
317 2285 461 2353 Orientis
484 2289 539 2371 qui
561 2291 648 2352 venit
672 2287 712 2353 de
735 2286 830 2374 Syria
851 2312 910 2374 per
933 2291 979 2354 ci-

149 2419 181 2462 ac
221 2393 354 2456 vitatem
385 2391 581 2476 Arethusam
608 2393 642 2456 in
671 2415 757 2456 mare
786 2392 978 2480 ingreditur,

148 2522 178 2566 ar
222 2496 331 2582 girans
360 2495 429 2580 ipse
458 2495 644 2560 orientalem
669 2497 788 2560 oolfum
809 2494 977 2580 usquead

148 2628 180 2672 -ῃ
220 2599 396 2684 Ephesum.

148 2731 181 2776 aa
265 2699 452 2780 Secundum
483 2703 601 2767 colfirm
622 2701 815 2784 Ponticum,
845 2705 901 2788 qui
926 2728 978 2770 re-

222 2831 236 2875 a
265 2829 354 2875 bitinia
376 2829 406 2874 n.
478 2829 494 2874 4
521 2831 664 2889 praeposita
687 2829 717 2876 Β.
761 2818 763 2822 ’
797 2831 828 2876 14
856 2833 977 2892 principa-

220 2899 254 2945 lia
273 2899 364 2945 colfora
381 2899 404 2945 B
422 2897 486 2946 editi.
543 2901 573 2945 16
602 2901 692 2947 oolfum
710 2916 756 2946 om.
775 2902 803 2947 A.
866 2905 897 2948 17
926 2918 977 2949 ma·

221 2971 253 3016 ris
280 2985 324 3016 om.
355 2970 420 3016 editi.
511 2971 542 3017 18
571 2972 662 3031 sydone
689 2973 719 3018 B.
750 2969 761 3018 ll
794 2974 921 3031 usquead
947 2975 976 3020 A.

221 3040 345 3087 lllaoditia
362 3041 385 3086 B
403 3039 466 3086 editi.
558 3043 589 3088 19
619 3042 718 3090 Orontis
742 3039 798 3089 editi
818 3057 846 3089 ec
869 3044 977 3090 amenda-

222 3113 283 3157 tiooe
305 3111 472 3158 Porcleronir.
500 3110 534 3174 os.
556 3113 584 3158 ΙΙ
606 3115 649 3160 15.
722 3115 754 3160 20
784 3115 924 3160 aroohusam
944 3115 976 3174 B,

220 3181 340 3228 Arethusa
358 3183 413 3228 Ant.
477 3183 508 3228 21
538 3195 625 3244 gyrans
645 3183 726 3232 adiri..
777 3186 809 3230 22
838 3187 929 3231 efesnm
946 3187 976 3231 A.

222 3255 254 3300 23
282 3253 378 3300 oolfium
396 3253 425 3298 A.
