2464 3896
91 297 103 344 1
123 297 155 344 12
694 340 697 349 ,
879 297 915 350 29

111 466 123 510 1
161 443 225 508 illis
241 443 366 529 egressi
381 452 465 506 sunt.
482 495 485 506 .
505 442 595 507 euius
613 453 687 527 post
701 453 794 530 terge
809 441 914 512 Ocea-

109 567 124 610 1
162 569 239 610 num
261 569 328 611 non
350 546 530 612 invenimus
552 547 706 633 navigari.

109 674 123 714 a
206 647 351 734 Septima
363 658 410 712 ‘ut
423 649 511 714 hora
532 651 636 714 noetis
659 649 848 724 Sarmaaum,
864 661 914 718 est

108 773 124 816 4
161 754 280 838 patria3
317 776 357 816 ex
379 774 456 835 ¹qua
484 755 588 838 patria
616 777 695 840 gens
725 752 913 840 Carporum,

110 875 124 918 s
162 879 242 941 quae
265 857 329 922 fuit
351 880 391 920 ex
413 855 590 940 praedicta
617 859 650 922 in
672 857 757 922 bello
784 881 914 944 egressa

110 977 123 1020 s
161 972 219 1026 est.
266 961 365 1027 ouius,
387 970 462 1045 post
490 971 582 1046 terga
611 959 762 1026 Oceanus
790 962 914 1026 innavi-

110 1078 123 1121 τ
161 1063 275 1150 gabilis
301 1071 360 1126 est.

110 1185 125 1230 s
161 1165 335 1244 „Octava
364 1177 403 1232 ut
428 1167 507 1232 hora
542 1167 647 1236 noetis
674 1167 914 1233 Roxolanorum

110 1288 124 1331 s
161 1281 209 1338 est
231 1272 347 1357 patria
394 1273 486 1336 cuius
508 1280 582 1356 post
604 1281 696 1358 terga
710 1273 794 1336 inter
809 1268 914 1336 Ocea

96 1390 124 1434 lo
160 1399 237 1440 num
253 1375 368 1461 procul
383 1397 501 1462 magna
515 1375 620 1440 insula
634 1374 766 1458 antiqua
780 1372 915 1460 Scythia

95 1491 123 1536 11
160 1481 328 1566 reperitur.
375 1501 471 1563 quam
493 1480 630 1544 insulam
645 1471 789 1564 plerique
810 1479 914 1564 philo-

96 1599 125 1644 η
159 1584 253 1668 sophi
283 1583 533 1670 hisioriographi
569 1581 777 1660 conlaudant3
818 1606 915 1667 quarn

96 1703 125 1748 13
161 1697 192 1752 et
206 1685 368 1752 Iordanus
387 1687 642 1772 sapientissimus
663 1688 914 1774 oosmographus

97 1806 125 1850 14
160 1790 309 1862 Soanzan
331 1791 480 1875 appellat.
487 1816 509 1870 ff
527 1812 568 1855 ex
583 1813 647 1874 qua
661 1791 766 1856 insula
779 1791 914 1875 pariter-

97 1913 124 1958 15
160 1917 221 1978 que
251 1903 365 1980 gentes
394 1893 611 1960 oeoidentales
645 1917 794 1980 egressae
821 1905 913 1960 sunt:

96 2015 125 2059 16
158 2021 234 2062 nam
258 1995 401 2062 Gotthos
425 2007 458 2062 et
479 1999 612 2079 Dauos,
642 1999 706 2062 imo
730 1998 825 2062 simul
848 1996 915 2062 Ge-

96 2117 124 2160 11
158 2101 263 2186 pules,
288 2124 328 2164 ex
351 2123 390 2166 ea
411 2102 588 2186 antiquitus
611 2103 714 2168 exisse
736 2103 883 2188 legimus.

97 2222 125 2265 rs
201 2204 304 2268 Nona
332 2214 368 2267 ut
396 2204 476 2270 hora
504 2207 608 2271 noetis
634 2206 836 2271 Amazonum
865 2217 915 2272 est

97 2327 124 2372 rs
160 2331 243 2392 quae
259 2307 299 2372 ab
316 2309 456 2392 antiquis
472 2307 591 2378 dicitur
606 2311 721 2394 patria,
743 2318 914 2394 postquam

96 2431 125 2474 *ιο
158 2436 214 2477 eas
226 2411 268 2476 de
281 2411 443 2477 montibus
452 2409 618 2478 Caucasiis
629 2415 755 2480 venisse
766 2415 912 2501 legimus.
932 2399 933 2404 ἵ

96 2535 124 2580 11
160 2517 253 2582 ornus
276 2525 351 2599 post
372 2525 465 2602 terga
487 2515 529 2580 ad
550 2517 687 2583 frontem
703 2519 843 2604 spatiosa
858 2543 914 2584 an·

96 2637 124 2684 12
158 2621 252 2704 tiqua
266 2617 434 2682 Dardania
453 2620 593 2704 ponitur,
616 2630 648 2684 et
663 2619 800 2707 desuper
814 2632 851 2688 ut
866 2623 914 2687 di·

159 2844 175 2888 8
203 2842 344 2888 soirmatum
355 2841 384 2887 Β.
432 2844 445 2887 6
475 2843 606 2900 oceanuA,
626 2857 741 2890 oceanum
756 2845 788 2890 Β.
832 2847 847 2892 8
875 2860 914 2892 ro·

158 2912 299 2958 xolmorurn
311 2911 341 2956 Β.
423 2915 436 2958 9
462 2915 535 2970 interl
554 2915 616 2960 infra
633 2917 662 2960 A.
737 2917 767 2961 10
796 2917 866 2962 sictia
884 2918 912 2973 A,

158 2983 249 3030 scithia
267 2983 296 3028 Β.
363 2985 399 3029 11
423 2985 617 3044 hysooriographi
633 2986 662 3031 Β.
730 2989 761 3032 13
788 2987 912 3044 Iordanus]

159 3054 272 3100 derebus
286 3053 473 3112 Gonoussa&
535 3058 568 3101 14
595 3055 711 3103 Scanzam
724 3058 794 3114 edita·
812 3057 914 3105 Scanzia

158 3124 239 3170 insula
257 3124 357 3170 Iordan-
376 3124 427 3171 ulii.
447 3127 456 3171 ΙΙ
481 3126 604 3185 appeliant
621 3129 651 3172 B.
708 3130 738 3174 16
766 3129 815 3174 imo
834 3127 913 3182 simul}

159 3197 272 3242 imosimo
284 3195 335 3252 AB,
358 3196 469 3243 imosimo
487 3197 559 3244 simul
576 3198 634 3245 editi
652 3213 734 3245 errore
752 3206 845 3260 typoyr.
859 3201 914 3257 pri-

158 3282 212 3314 mae
229 3266 348 3312 editionis.
419 3269 451 3314 20
480 3269 613 3316 eancausiis
630 3272 658 3316 A.
