2464 3896
487 359 637 396 essessrro.
932 359 974 402 vll

149 505 181 568 B
226 502 331 568 codex
353 502 531 585 Parisinus,
553 503 768 572 bibliothecae
783 505 860 592 imp.
875 505 975 589 4794,

220 615 344 680 saeculi
366 634 417 679 xru
445 614 497 679 vel
524 634 589 697 xlv,
618 616 899 701 membranaceus,
926 619 975 683 fo·

219 727 274 792 liis
301 726 376 792 latis
404 725 538 812 pollices
567 726 672 792 Rhen.
702 731 721 795 7
751 738 784 793 et
811 729 913 794 lineas
944 731 975 813 6,

221 839 296 904 altis
319 837 453 924 pollices
471 839 528 916 11;
550 839 688 924 paginae
704 848 780 904 sunt
794 839 976 927 bipertitae,

221 973 375 1016 versuum
386 951 446 1028 383
463 951 684 1016 columnarum
695 951 833 1016 latitudo
846 961 896 1017 est
905 954 976 1038 pol-

222 1063 326 1128 licum
342 1064 362 1129 2
380 1071 413 1126 et
423 1061 581 1127 linearum
594 1063 625 1144 6,
641 1062 779 1128 altitudo
789 1063 977 1149 pollicum8

223 1183 256 1239 et
279 1174 435 1238 linearum
458 1175 490 1240 2.
535 1173 639 1238 codex
661 1175 826 1261 eleganter
847 1175 977 1260 quidem

223 1287 365 1371 scriptus
389 1284 447 1350 sed
466 1285 664 1370 compendiis
679 1286 857 1351 litterarum
871 1287 977 1353 minus

221 1397 414 1484 perspicuis,
441 1398 559 1483 quippe
581 1420 647 1462 non
669 1397 732 1462 sibi
754 1398 976 1465 constantibus

222 1510 372 1574 refertus.
424 1533 498 1573 eum
525 1508 661 1590 librum,
690 1531 785 1592 quem
814 1509 977 1576 Porchero

145 1711 148 1714 Ι
223 1621 313 1709 typis
329 1621 498 1707 expressit,
513 1629 550 1686 ut
564 1620 752 1686 Berolinum
767 1621 901 1688 missum
915 1621 978 1707 ipsi

223 1733 331 1798 denuo
354 1741 504 1798 excutere
518 1755 686 1818 possemus
703 1729 866 1819 Georgius
881 1733 977 1798 Pertz

222 1845 379 1910 benevole
403 1843 519 1910 effecit.

156 1959 186 2024 0
227 1955 332 2022 codex
359 1955 550 2022 Basiliensis
578 1955 618 2020 F.
642 1954 684 2019 V.
711 1957 743 2037 s,
778 1953 978 2036 chartaceus,

223 2068 347 2136 saeculi
361 2087 410 2133 xlv
426 2075 459 2132 et
472 2087 521 2132 xv.
560 2075 688 2132 constat
703 2065 789 2132 foliis
808 2065 882 2146 137,
903 2065 978 2130 latis

223 2181 360 2267 pollices
383 2179 488 2245 Rhen.
514 2182 533 2247 7
557 2187 590 2244 et
611 2179 713 2243 lineas
739 2178 791 2259 10,
814 2177 887 2243 altis
908 2175 979 2263 pol-

222 2293 304 2358 lices
330 2293 371 2360 10
394 2301 428 2356 et
448 2291 551 2356 lineas
573 2291 606 2359 8.
1064 2287 1068 2294 ’

267 2404 308 2470 In
328 2404 435 2490 primo
458 2403 535 2470 folio
558 2403 678 2489 legitur
703 2402 868 2483 „Titulus,
891 2401 979 2466 Tulii

222 2517 334 2603 plures
357 2515 431 2581 libri
448 2538 522 2581 cum
537 2515 619 2597 aliis,
642 2521 772 2578 notatus
789 2529 888 2577 ctxffl.
923 2511 980 2577 Li-

223 2628 284 2694 ber
300 2627 414 2693 domus
425 2627 530 2694 Vallis
546 2626 640 2691 beate
655 2624 842 2711 Margarete
857 2621 979 2689 ordinis

225 2736 493 2806 Certusianorum
519 2739 554 2804 in
582 2737 712 2803 Basilea
739 2737 856 2802 minori
884 2734 980 2801 datus

225 2850 333 2916 eidem
347 2874 405 2937 per
419 2848 611 2916 venerabilis
622 2847 774 2912 memorie
785 2847 982 2936 Magistrum

223 2963 408 3030 Henricum
429 2962 561 3028 Amiot“
588 2960 655 3045 (vel
677 2959 802 3045 Amici)
832 2961 886 3041 „in
908 2959 982 3024 Me-

222 3076 342 3142 dicinis
365 3075 544 3140 Doctorem
566 3076 650 3138 etc.“

203 3185 362 3254 Continet
389 3187 525 3274 triginta
550 3185 615 3250 duo
643 3192 801 3248 tractatus
828 3179 910 3246 varii
931 3203 982 3246 ar·

152 3299 319 3390 gumenti,
334 3299 431 3366 variis
446 3296 657 3383 temporibus,
680 3294 808 3362 diversa
821 3294 856 3358 in
871 3292 983 3360 charte
