2404 3896
89 351 177 387 armo
195 340 230 385 66

321 483 459 568 Pyresse
491 455 493 460 Ι

114 510 127 552 1

111 611 128 655 n
319 585 437 651 Paurie

113 715 129 758 a
303 727 305 732 ·
320 690 436 756 Patina

113 817 129 863 4
319 793 447 881 Ignovi.

114 923 129 969 n
214 899 407 983 (Sequuntur
431 895 602 978 „Sardinia
617 919 744 981 quoque
768 944 776 958 .
791 943 798 958 .
812 943 819 957 .
834 943 841 958 .
861 896 927 960 Lo·

114 1029 130 1074 a
169 1023 299 1068 crenses
322 1005 544 1067 transeamus“
571 1023 612 1066 ea·
634 1004 737 1066 Solini
761 1021 830 1082 cap.
843 1001 891 1084 4.)

115 1217 129 1262 r
182 1212 264 1260 rran
293 1212 338 1258 ns
366 1183 554 1260 necvrncns
579 1213 712 1261 arnna
741 1210 920 1260 sncvrnvn

113 1306 130 1350 a
336 1297 496 1354 cvosnnn
523 1297 761 1348 PHILOSOPHOS.

115 1439 130 1484 a
203 1414 256 1484 dd.
302 1416 413 1480 Prima
433 1417 533 1502 igitur
553 1417 719 1502 provincia
732 1416 845 1482 Italiae
860 1415 929 1481 Li·

98 1543 131 1586 10
170 1521 285 1608 guria
307 1529 369 1600 est,
395 1519 453 1585 ubi
483 1529 669 1585 constructa
693 1522 834 1585 cernitur
856 1520 929 1584 Me·

97 1649 129 1692 11
171 1621 320 1690 diolanus
348 1623 548 1689 nobilissima
576 1623 673 1705 urbs,
701 1624 735 1688 in
764 1645 829 1706 qua
857 1645 929 1688 san-

97 1750 131 1795 12
171 1728 336 1793 ctissimus
358 1729 534 1811 requiescit
557 1727 761 1793 Ambrosius.

97 1855 131 1898 13
216 1829 368 1897 Secunda
386 1831 546 1898 Histria
568 1854 641 1896 cum
657 1831 824 1912 Neminie,
846 1851 927 1913 quae

96 1959 132 2005 14
170 1934 382 2000 Venetiarum
405 1937 538 2020 antiqua
560 1935 772 2021 dignoscitur.

96 2063 131 2109 1⁶
215 2023 327 2103 Ten'ia
354 2041 536 2125 propinqua
564 2038 748 2124 praedictae
773 2036 928 2122 Liguriae

95 2167 132 2214 re
169 2142 422 2228 Transpadanae
439 2143 481 2208 ob
497 2152 716 2208 constructam
730 2143 816 2206 viam
831 2164 851 2205 a
861 2139 928 2206 Ro·

96 2271 132 2317 17
170 2268 339 2312 manorum
369 2249 500 2312 consule
529 2246 649 2312 Emilio
682 2245 850 2332 provincia
879 2251 928 2308 est

96 2373 132 2420 18
171 2350 329 2416 Emilia.

97 2477 132 2524 19
218 2451 345 2536 Quarta
373 2453 414 2519 ad
443 2455 548 2519 sinum
575 2455 673 2518 maris
696 2453 856 2518 Adriatici
880 2461 929 2517 est

172 2644 264 2691 codices
274 2642 340 2704 bsmr
349 2651 372 2690 et
381 2645 445 2691 Mna.
487 2642 650 2704 cs.Rav.412
668 2644 745 2704 l6sq.
759 2650 782 2690 et
795 2643 845 2690 247
866 2647 880 2687 7
893 2659 929 2702 sq.

174 2769 185 2812 1
216 2770 317 2827 pirrasse
329 2766 356 2828 f.
419 2768 469 2813 23
496 2768 596 2826 paunine
615 2773 705 2827 pntyne
723 2768 796 2823 Mna,
815 2767 931 2826 Patrapa-

171 2839 211 2885 nie
228 2839 288 2884 Rcv.
366 2840 381 2885 6
410 2842 571 2896 transeamus]
592 2838 630 2884 hic
648 2839 756 2885 desinunt
775 2839 866 2886 codices
884 2851 929 2883 mr.

173 2912 186 2956 7
209 2909 223 2955 8
251 2920 546 2956 nan-rnrnosonnos
574 2924 619 2954 om.
632 2907 659 2969 s.
750 2911 764 2955 9
794 2909 929 2968 provincia·

172 2993 223 3026 ram
244 2979 257 3026 b
276 2981 340 3026 Μαι.
368 2981 378 3026 ΙΙ
403 2979 479 3040 ytalie
498 2977 524 3040 f.
581 2982 612 3026 13
641 2979 763 3037 Secunda]
783 2993 803 3026 11
819 2978 841 3042 f
856 2985 878 3024 et
895 2981 930 3024 sic

172 3051 281 3110 deinceps
299 3065 371 3112 usqne
389 3051 422 3098 cd
439 3060 512 3096 xvm.
549 3051 558 3095 ii
594 3051 695 3112 Hystria
713 3052 786 3108 Mna,
814 3050 891 3110 ystria
902 3047 928 3108 f.

174 3124 206 3168 14
236 3121 369 3168 dinoscitur
406 3122 418 3167 b
456 3123 519 3167 Μαι.
608 3122 638 3168 15
667 3122 829 3180 praescriptae
865 3119 929 3165 Μαι.

174 3194 205 3239 16
225 3193 480 3251 transpadanorum„
500 3193 654 3252 transpadina
674 3192 695 3250 b,
720 3190 890 3250 transpadanie
903 3188 929 3250 s.

174 3265 205 3310 17
235 3264 347 3320 consule]
371 3271 395 3310 et
417 3263 514 3310 consule
536 3265 599 3310 Mar.
696 3265 723 3308 17
746 3263 777 3308 18
807 3260 931 3320 provincia

172 3333 255 3381 emilia
274 3339 311 3380 est
329 3335 350 3392 ὁ,
371 3335 452 3382 emilia
471 3335 597 3392 provincia
616 3339 652 3378 est
670 3333 732 3379 Mar.
