2464 3896
490 392 641 426 amoeno.
910 392 975 434 un

145 543 240 620 ptus,
263 531 399 617 ideoque
414 557 435 598 a
454 533 546 599 nobis
562 535 700 600 omissus
725 535 776 620 (p.
795 535 859 604 tat
877 560 907 600 v.
918 539 973 623 7),

147 646 192 711 de
218 645 359 711 sedecim
380 645 493 710 Italiae
520 647 694 730 provinciis
717 648 800 734 agit,
830 647 888 714 sed
911 650 974 716 aha

146 759 267 824 Italiae
296 756 411 822 divisio
445 759 478 821 in
513 755 692 822 octodecim
720 759 902 844 provincias
931 761 972 828 ad

147 878 294 936 mentem
309 868 507 935 Ravennatis
522 871 631 955 paullo
647 871 730 934 infra
747 871 798 956 (p.
808 873 867 938 501
889 895 919 936 v.
930 876 971 959 l)

147 1006 169 1046 a
194 979 348 1047 Guidone
370 983 569 1068 proponitur.

194 1093 236 1159 In
260 1092 483 1158 enumerandis
499 1093 631 1158 Africae
654 1095 839 1161 civitatibus
860 1119 892 1181 p.
906 1099 971 1166 520

146 1232 179 1271 v.
197 1208 238 1271 10
255 1214 378 1290 septem
392 1205 523 1269 nomina
537 1228 556 1269 a
572 1201 722 1270 Guidone
738 1209 867 1291 omissa,
890 1231 971 1292 quae

145 1328 260 1383 tamen
276 1316 363 1402 apud
378 1316 599 1382 Ravennatem
613 1317 775 1404 leguntur,
796 1321 831 1383 in
847 1318 972 1387 Guido-

146 1432 201 1495 nis
224 1439 411 1515 computum
432 1429 634 1494 adhibentur.

193 1542 247 1607 Ex
270 1542 321 1608 his
344 1550 376 1606 et
399 1539 556 1606 similibus
578 1541 720 1606 indolem
735 1541 895 1608 Guidouis
911 1545 970 1608 mi-

146 1677 212 1719 nus
233 1654 408 1740 genuinam
430 1675 500 1716 esse
523 1661 666 1738 apparet,
693 1663 725 1718 et
747 1654 969 1720 Ravennatem

145 1790 189 1831 ne
212 1764 327 1830 Italiae
349 1763 480 1848 quidem
502 1762 748 1849 descriptionem
772 1791 811 1831 ex
834 1791 871 1831 eo
890 1766 968 1832 hau-

147 1881 230 1944 sisse
260 1877 460 1964 intelligitur.
511 1899 609 1960 quare
637 1900 675 1941 ea
696 1885 821 1942 tantum
845 1901 862 1942 e
886 1877 969 1945 Gui-
1069 1911 1073 1928 ›

147 1989 243 2054 donis
265 1989 366 2070 libro,
396 2011 477 2073 quae
501 1987 542 2053 ad
564 1987 787 2053 Ravennatem
810 1998 968 2074 spectant,

145 2125 214 2167 non
237 2125 364 2166 omnem
383 2101 577 2187 farraginem
599 2098 785 2166 aGuidone
809 2103 968 2167 consarci-

145 2223 258 2278 natam
272 2211 448 2277 leotoribus
462 2235 640 2298 proponere
652 2213 752 2278 satius
764 2213 943 2280 habuimus.

190 2437 231 2503 In
254 2437 351 2502 rebus
375 2437 598 2524 geographicis
622 2436 819 2522 explicandis
841 2437 877 2502 id
899 2441 966 2526 egi-

144 2574 219 2616 mus
242 2560 291 2631 ut,
314 2572 395 2634 quae
417 2549 593 2614 Itinerariis
617 2558 649 2614 et
668 2548 812 2613 Tabulae
832 2549 966 2614 Peutin-

143 2685 288 2751 geranae
303 2683 376 2727 cum
391 2661 573 2727 Ravennati
588 2661 769 2725 communia
783 2669 901 2742 essent,
915 2661 965 2726 in-

144 2777 329 2841 dicaremus
352 2775 474 2856 omnia,
503 2796 543 2836 ex
564 2772 696 2855 reliquis
718 2771 903 2837 auctoribus
927 2797 965 2838 ea

143 2897 274 2953 tantum
309 2909 389 2971 quae
418 2885 534 2951 idonea
560 2882 754 2948 viderentur.
803 2881 963 2950 Guidouis

143 3000 276 3065 nonnisi
291 3022 346 3064 eas
360 2999 546 3085 particulas,
568 3018 649 3080 quae
664 2997 697 3061 in
711 2995 894 3061 Ravennati
908 2995 964 3060 de-

143 3111 382 3193 desiderantia,
403 3111 488 3176 notis
509 3110 749 3175 illustravimus.

190 3225 294 3290 Maris
310 3223 470 3288 Adriatici
486 3222 744 3308 descriptionem,
766 3217 808 3284 ad
822 3225 961 3283 mentem

142 3337 346 3406 Ravennatis
369 3337 548 3402 confectam
572 3343 604 3399 et
625 3331 795 3417 multiplici
816 3329 961 3395 doctrina
