2372 3904
75 310 156 356 ivs

99 481 113 522 1
301 457 400 521 Actia
421 455 591 542 Nicopolis

97 584 114 626 u
299 559 458 626 Rotaroto

97 687 115 730 s
300 665 433 730 Ponice.

97 794 115 836 4
193 770 257 834 Per
286 792 383 854 quam
410 769 547 854 petriam
573 777 743 834 transeunt
764 768 903 852 plurima

98 897 115 941 5
154 873 283 940 flumine

98 1001 115 1043 c
302 976 440 1042 Calidcn
528 1015 530 1020 ·

100 1103 115 1144 τ
300 1083 430 1146 Eveuos
453 1091 486 1146 et

99 1208 115 1250 s
300 1184 466 1250 Achelois.

98 1312 114 1355 s
183 1287 213 1355 9.
259 1287 344 1353 Item
366 1289 456 1352 iuxta
477 1289 581 1373 ipsam
595 1286 760 1372 regionem
775 1288 902 1373 Epyros

82 1419 115 1462 10
153 1402 199 1458 est
219 1393 325 1478 patria
346 1390 560 1457 famosissima
581 1412 663 1473 quae
687 1389 806 1456 dicitur
827 1391 902 1456 Ma-

81 1523 112 1567 11
152 1496 294 1561 oedonia.
340 1496 431 1560 cuius
446 1495 569 1581 patriae
583 1494 713 1580 plurimi
729 1495 901 1580 scriptores

82 1627 114 1670 12
151 1601 325 1665 extiterunt
346 1598 539 1684 philosophi,
562 1621 603 1663 ex
625 1597 741 1682 quibus
760 1621 821 1684 ego
836 1598 901 1685 legi

81 1733 113 1776 1³
149 1703 425 1790 praenominatum
444 1702 628 1784 Livsuium,
650 1701 755 1786 Hylas
779 1711 811 1766 et
826 1702 899 1766 Ari·

83 1835 114 1878 14
151 1807 313 1872 sterchum
335 1804 534 1872 Graecorum
551 1805 771 1890 philosophos,
795 1804 853 1870 sed
868 1815 901 1869 et

82 1940 113 1984 15
149 1912 334 1976 multotiens
364 1909 488 1975 dictum
514 1907 697 1974 (lectorium
727 1917 759 1972 et
780 1907 901 1972 Lolliae

83 2045 113 2089 ιε
148 2039 225 2084 uum
248 2023 345 2098 atque
366 2013 571 2079 Arbitionem
589 2011 809 2077 Romanorum
830 2012 901 2096 phi-

81 2152 112 2197 17
147 2118 315 2204 losophos:
344 2117 403 2184 sed
432 2141 496 2182 non
520 2117 696 2200 aequaliter
718 2116 821 2199 ipsam
844 2113 900 2178 de·

150 2383 161 2428 l
191 2375 373 2436 ustiumcopolis
390 2379 424 2434 A,
453 2373 710 2435 assumpsisse,
737 2375 809 2422 Actia
827 2375 900 2422 Nico-

145 2448 198 2509 poli
225 2451 281 2494 Ant.
305 2455 327 2494 et
347 2448 416 2504 Vah,
443 2446 608 2506 Acisniapolis
631 2447 650 2494 V
670 2447 712 2492 13.
787 2437 806 2492 '2
835 2453 900 2492 rotu-

145 2521 198 2570 roio
217 2518 288 2576 ABG,
306 2519 440 2566 Rutharoto
461 2517 663 2574 samothrace
682 2520 746 2574 Ant,
765 2517 899 2564 Butaroton
929 2533 931 2538 ·

151 2591 174 2638 V
189 2591 231 2636 13.
286 2592 300 2636 3
320 2589 421 2636 Poenico
441 2589 505 2644 editi,
524 2589 642 2634 Phoenice
660 2590 752 2635 Antei
768 2586 819 2645 alii,
838 2589 899 2634 Phe-

145 2664 200 2710 nice
222 2661 286 2718 Tot„
313 2661 399 2708 Penios
418 2660 438 2705 V
454 2659 496 2716 13,
523 2673 585 2705 oenc
603 2659 696 2705 Feniki.
751 2661 766 2704 4
795 2661 897 2718 petrium

145 2748 192 2778 om.
211 2734 240 2778 A.
304 2733 318 2778 6
348 2730 459 2791 Calydon
478 2731 542 2787 editi,
569 2729 713 2776 celidonii.
738 2729 801 2787 Tol„
825 2729 899 2790 Caly·

146 2806 195 2850 dou
215 2801 343 2860 (eivitasl)
363 2802 440 2848 V13.
503 2804 515 2848 7
545 2801 694 2848 Evvenosfl.
712 2800 776 2858 Tan,
800 2800 898 2847 Eveuus

146 2875 186 2922 IV
205 2875 247 2930 15,
273 2873 370 2920 Eveuus
394 2872 522 2930 (civitati)
548 2871 624 2918 V13.
692 2872 706 2918 8
736 2871 844 2932 schiloys
874 2870 897 2927 C,

145 2944 255 3006 achyloie
279 2945 309 3001 B,
336 2943 461 3004 Achyloys
484 2943 548 3000 editi,
579 2941 688 2990 Achelou
711 2942 810 2988 fluvium
833 2943 897 2998 Aut,

144 3017 257 3063 Acilovm
281 3016 305 3060 fl.
332 3016 397 3072 Tan,
423 3014 538 3063 Acielous
560 3015 599 3060 IV
619 3013 666 3070 15,
694 3011 827 3059 Acheloum
851 3014 898 3070 (ci-

144 3087 238 3142 vitati)
258 3086 278 3132 V
293 3086 335 3132 13.
363 3086 373 3131 ΙΙ
395 3092 453 3145 post
464 3083 610 3132 AcheloisO
627 3047 694 3130 odilis
707 3085 736 3130 de
749 3084 896 3129 macedonia

147 3160 162 3204 9
189 3158 286 3217 Epytus
314 3160 400 3204 om..A
466 3159 496 3203 lc
525 3156 587 3202 hilss
611 3157 640 3200 A.
668 3155 678 3200 ΙΙ
704 3155 843 3200 aristarcum
873 3151 896 3197 0.

148 3231 179 3276 15
209 3229 352 3276 multociens
381 3227 409 3284 G,
438 3228 560 3274 multoties
583 3226 647 3272 editi.
674 3225 684 3270 li
710 3225 842 3272 hostorium
873 3220 896 3272 C.

145 3302 156 3347 ΙΙ
168 3299 285 3346 lolianum
304 3297 348 3346 AB
366 3299 430 3345 editi.

698 3379 728 3420 1³
