2376 3904
47 296 70 342 V
91 296 128 342 22
826 298 877 350 401

67 467 75 507 1
274 440 401 526 Tegeas

66 567 79 610 a
272 543 415 625 Micena,
431 565 512 627 quae
529 544 709 610 confinatur
725 568 797 610 cum
811 557 876 646 tef-

66 670 80 713 a
118 648 232 714 ritorio
248 669 346 732 supra
361 647 500 732 scriptae
517 649 656 713 civitatis
673 645 874 716 Corinthion.

64 775 79 817 4
163 751 228 814 Per
244 771 341 832 quam
353 752 555 816 cersonisson
567 761 735 816 transeunt
747 753 875 820 diversa

66 879 78 919 5
116 855 262 936 flumina,
285 855 369 918 inter
392 863 499 920 cetera
522 877 604 939 quae
626 854 779 921 dicuntur

267 957 370 1022 Pictis

265 1059 380 1125 Lentis

265 1165 360 1230 Alsos

264 1269 396 1333 Eurotis

264 1372 371 1437 Melas
463 1365 481 1400 '

263 1475 352 1541 Iaon.

152 1581 278 1646 Iterum
301 1591 350 1644 est
373 1581 479 1645 insula
501 1604 582 1664 quac
606 1583 724 1648 dicitur

263 1683 407 1748 lacintus

262 1787 400 1852 Ithacim

264 1892 406 1956 Alimani

260 1994 415 2060 Leucada

263 2096 461 2184 Cephalonia

261 2203 360 2267 Astin

119 2367 128 2408 1
152 2365 247 2424 Tegees
274 2367 344 2409 etiam
370 2365 425 2410 Tab.
506 2365 519 2409 2
549 2364 655 2420 Micenal
683 2363 716 2424 cs.
741 2365 791 2410 400
820 2365 859 2410 15.

119 2436 130 2478 3
154 2439 240 2496 supra}
264 2435 317 2480 399
336 2437 360 2480 9.
397 2436 406 2480 ΙΙ
441 2435 594 2480 chorinthion
620 2435 644 2481 G.
717 2437 731 2478 4
760 2435 863 2482 Cherso-

37 2520 42 2543 ι
118 2505 196 2553 nissum
219 2506 285 2551 aditi.
322 2505 331 2550 ΙΙ
362 2511 418 2562 post
437 2507 586 2552 cersonisson
604 2507 648 2550 AB
666 2506 722 2550 add.
742 2507 785 2563 cie,
814 2509 861 2552 ita:

120 2580 213 2624 arsonis
232 2577 322 2630 concie,
344 2573 432 2620 cada.
453 2576 509 2621 iam.
566 2577 579 2620 6
608 2575 675 2622 Putis
693 2577 757 2634 aditi,
776 2578 860 2635 pamis'

36 2661 39 2702 3
120 2647 145 2692 ti.
161 2663 178 2694 e.
203 2645 330 2702 Pamisus)
362 2645 417 2690 Tac.
508 2648 521 2690 7
551 2645 633 2692 Lentis
660 2647 731 2702 edita}
760 2645 860 2693 Ladon?

38 2729 40 2736 ’
121 2717 233 2774 ssAlfcsl
253 2723 288 2762 eat
305 2716 419 2776 Alpheus.
475 2719 489 2772 9
518 2716 629 2775 Eurotisl
648 2717 672 2762 fl.
685 2717 788 2764 Eurotas
804 2719 859 2763 Tab.

40 2799 42 2828 1
119 2798 155 2841 pro
169 2789 284 2835 Eurotas.
341 2789 371 2833 10
392 2787 469 2833 Melas
487 2789 558 2834 etiam
575 2787 664 2834 Strato
682 2787 745 2833 Plia.
765 2788 857 2834 Gallim.

123 2858 145 2901 11
167 2853 247 2910 Ἰάωῳ
270 2857 363 2904 Gallim.
386 2859 485 2918 Dionys.
516 2859 526 2903 11
554 2865 609 2916 post
627 2858 686 2904 laon
711 2857 729 2904 C
749 2860 805 2905 add.
829 2861 858 2905 dc

121 2925 184 2975 insula
195 2932 314 2976 iacinctus
327 2936 351 2974 ct
363 2928 418 2974 aliis
430 2929 522 2979 insulis.
579 2931 608 2974 12
638 2929 738 2986 Iterum}
758 2930 809 2975 ierit
826 2931 855 2976 B.

125 2997 145 3041 13
168 3001 285 3046 iacinctus
297 2999 345 3057 AC,
365 3000 487 3046 lacinthus
505 3000 569 3057 editi,
588 3000 718 3045 Zacinthcs
729 3001 793 3056 Ant,
812 3000 857 3045 Za·

122 3067 201 3117 cintus
218 3071 273 3116 Tnb.
347 3073 378 3116 14
406 3071 488 3117 itacim
508 3070 531 3128 0,
559 3071 662 3116 Itachim
680 3070 744 3125 aditi,
772 3070 856 3116 Ithaca

49 3187 50 3200 χ
125 3137 172 3196 Ant,
188 3142 237 3188 Ins.
253 3143 322 3187 ita..
346 3142 400 3188 rab.
458 3143 488 3187 15
511 3142 630 3196 Alimanil
649 3143 698 3186 ae.
715 3133 856 3204 ἀλίμενος9

124 3205 205 3258 :liniant
225 3212 248 3258 0.
306 3214 335 3257 16
365 3211 485 3258 Leucadia
507 3213 561 3258 Ταῦ.
618 3213 647 3257 17
677 3209 816 3270 Cephalcna
832 3219 854 3256 ct

125 3273 255 3334 Cephalania
272 3283 335 3342 Tab.,
354 3283 503 3342 Cephalania
516 3284 569 3329 Ant.
631 3283 662 3328 18
690 3283 781 3328 Asteris
798 3283 853 3330 Ant.
919 3327 925 3338 ,

658 3367 689 3406 26
