2464 3896
295 257 329 308 ⁴10
446 289 449 302 ι
1067 257 1132 304 111

277 407 279 414 ’
315 429 326 471 1
363 403 509 468 minatim
531 400 627 466 modo
649 410 763 486 gentes
785 423 980 483 enarremus,
1002 401 1070 466 sed
1094 414 1136 468 ut

314 530 327 574 a
365 505 505 571 diximus
533 505 654 590 patrias
682 505 761 569 sitas
785 505 818 569 in
841 505 922 568 Asia
948 526 1034 587 quae
1061 507 1135 570 sin-

313 633 327 676 a
365 610 501 697 gillatim
523 609 705 698 nominatae
728 617 804 674 sunt
824 609 859 672 in
881 608 1029 694 portione
1048 607 1135 676 Sem

313 737 329 780 4
362 713 422 777 'filii
442 710 528 777 Noe.
626 755 630 761 ·

313 839 327 883 5
386 815 427 884 Π
449 814 479 883 l·
524 817 633 880 Prima
654 816 760 901 patria
782 825 832 882 est
850 814 945 880 India
966 837 1055 899 quae
1082 817 1135 882 di-

314 945 327 990 o
366 922 449 986 citur
463 920 622 984 Dimirioa
636 919 757 1002 Evilat,
775 943 856 1004 quae
872 917 959 1004 apud
972 919 1134 986 homines

314 1049 328 1093 r
366 1023 525 1110 quomodo
549 1023 591 1087 ad
613 1023 801 1088 orientalem
815 1024 945 1110 plagam
965 1023 1066 1087 finita
1082 1025 1135 1088 in-

314 1150 329 1194 a
364 1130 501 1194 venitur.
544 1128 578 1192 in
601 1149 664 1211 qua
678 1124 773 1191 India
786 1127 945 1192 Dimirioa
964 1127 1134 1211 plurimas

314 1253 328 1302 o
365 1232 636 1297 luisse-civitates
657 1253 716 1314 per
739 1231 895 1314 quosdam
912 1231 1134 1317 philosophos

298 1356 329 1401 10
364 1337 496 1400 inferius
520 1334 706 1420 designatos
725 1334 878 1420 legimus3
906 1334 965 1400 sed
986 1357 1053 1421 ego
1080 1359 1135 1401 se·

298 1460 328 1504 11
367 1439 508 1506 eundum
544 1435 727 1502 Castorium
761 1439 1031 1525 cosmographiam
1071 1441 1135 1504 ali-

297 1560 329 1605 12
367 1552 503 1627 quantas
526 1541 696 1628 designare
710 1541 795 1623 volo,
818 1541 853 1606 id
873 1551 922 1608 est
936 1543 1027 1606 iuxta
1043 1543 1135 1609 illud

298 1665 330 1710 ra
367 1646 454 1732 quod
483 1646 702 1732 praediximus
726 1644 986 1712 intransmeabile
1013 1644 1135 1712 deser-

299 1769 331 1815 14
366 1760 436 1816 tum
459 1758 508 1816 est
532 1751 645 1814 civitas
668 1771 749 1834 quae
773 1747 892 1814 dieitur

298 1872 329 1918 15
464 1889 466 1894 ·
516 1854 677 1935 Palanda‚
700 1863 733 1938 et
753 1852 959 1938 postmodum
980 1863 1060 1920 sunt
1085 1858 1135 1921 ei-

299 1977 330 2022 16
366 1959 494 2040 vitatos,
520 1957 554 2022 id
577 1968 627 2023 est
731 1979 733 1986 ’

299 2081 330 2125 17
518 2059 620 2126 Sinna

299 2186 330 2231 18
519 2163 699 2251 Bonogaris

299 2290 330 2334 ro
517 2268 744 2354 Bilimasgram

299 2392 331 2438 20
519 2370 672 2458 Sainpam

299 2496 330 2541 21
519 2475 694 2540 Moduram

299 2600 331 2646 aa
520 2578 634 2646 Samar

303 2759 308 2780 .
370 2727 383 2771 2
413 2739 472 2784 asya
488 2726 519 2772 B.
586 2728 601 2772 3
629 2727 741 2784 portione
759 2728 788 2785 A,
807 2725 922 2785 porcione
939 2724 970 2770 B.
1037 2725 1053 2770 6
1085 2728 1132 2774 Di·

368 2796 459 2851 mirica}
473 2794 507 2856 cf.
519 2797 552 2842 11
572 2798 615 2843 19.
634 2799 644 2843 ll
664 2797 763 2844 Hevilat
774 2797 839 2843 editi.
905 2797 919 2842 7
947 2796 1089 2844 inuenietur
1101 2802 1130 2845 A.

328 2868 330 2872 ’
371 2869 401 2913 11
427 2865 570 2924 Uestorium}
585 2862 716 2914 castrorum
729 2868 759 2926 B,
778 2883 823 2914 om.
836 2868 865 2913 Α.
884 2866 894 2912 ΙΙ
914 2867 1130 2927 eosmographum]

369 2936 540 2996 philosophum
563 2937 628 2984 editt.
738 2940 770 2986 13
801 2938 979 2997 praediximus]
1000 2937 1014 2982 l
1035 2937 1071 2983 24
1093 2955 1129 3000 aq.

371 3007 402 3054 lb
430 3007 539 3055 Palanda
556 3011 626 3054 etiam
643 3008 708 3056 Ptol.
794 3011 825 3055 17
854 3007 942 3065 Sinna]
962 3011 1041 3058 Σίναι
1060 3010 1130 3056 Ptol.

335 3085 339 3096 ’
368 3078 449 3137 Stqal.
524 3079 555 3126 18
582 3080 712 3138 bonogaris
729 3081 758 3126 A.
837 3082 868 3126 19
895 3079 1041 3138 Bilimasgra
1060 3081 1129 3127 editi.

370 3151 402 3196 20
422 3153 506 3209 sipam
518 3151 546 3207 A,
565 3150 691 3209 sainpaB,
711 3149 880 3209 Sainpasditi.
935 3152 967 3196 21
989 3148 1129 3220 Μόδουρα

370 3220 516 3266 diuersarum
529 3220 622 3266 urbiam
636 3221 772 3267 Indicarum
784 3236 867 3268 nomen
879 3221 944 3280 apud
956 3219 1128 3268 Ptolemaeum.
