2464 3896
299 216 331 267 w
1071 214 1133 261 14

311 370 329 431 '1
356 361 456 426 'venti
478 382 545 427 sex.
591 359 620 423 si
642 359 714 443 quis
741 381 817 424 vero
845 357 952 422 dicere
979 358 1132 424 voluerit

316 490 330 534 2
369 464 456 549 quod
478 461 639 529 inerudito
667 485 755 527 more
778 462 965 527 arbitratum
987 472 1038 528 est
1060 488 1131 550 per

315 594 330 638 s
368 567 512 654 singulas
534 566 629 630 horas
653 565 717 631 dici
738 566 870 651 patriae,
892 566 977 649 quia,
1006 589 1131 651 quam-

314 695 330 741 4
367 672 417 735 vis
439 671 473 736 in
494 669 598 756 prima
626 670 705 734 hora
732 668 796 735 diei
824 670 873 734 sol
901 670 993 754 quasi
1020 693 1130 758 super

315 800 329 845 5
366 773 522 838 Indorum
537 781 621 837 stare
637 781 828 859 supputetur
840 774 955 858 patrie,
974 783 1129 841 ettamen

315 903 329 948 e
367 878 401 942 in
424 876 535 941 eadem
557 877 661 962 prima
688 877 768 941 hora
796 876 859 942 dici
881 877 915 942 in
940 886 1045 942 totum
1070 902 1128 944 re-

317 1011 331 1055 7
367 981 464 1066 spicit
491 980 662 1045 mundum:
698 979 741 1044 ad
775 1002 856 1064 quoe
886 979 1125 1065 respondemus

315 1111 330 1156 o
368 1085 443 1168 quia
465 1107 576 1148 verum
599 1093 648 1148 est
671 1082 774 1167 quod⁷
802 1084 930 1167 quando
957 1084 992 1147 in
1013 1085 1125 1169 prima

315 1215 329 1260 o
366 1188 445 1253 hore
468 1186 531 1251 diei
553 1187 602 1252 sol
624 1188 716 1271 quasi
739 1209 835 1273 super
847 1186 1001 1253 Indorum
1015 1190 1124 1274 respi-

298 1318 329 1362 10
367 1313 439 1354 cere
462 1300 656 1376 supputatur
677 1291 824 1376 patriam,
851 1313 910 1376 per
931 1293 1122 1357 universum

298 1425 327 1469 11
366 1394 496 1459 nitescit
525 1394 697 1476 mundum⁷
730 1417 795 1459 non
823 1394 926 1458 solum
952 1396 987 1459 in
1013 1395 1122 1480 prima

298 1527 328 1571 12
365 1499 446 1564 hora
475 1498 533 1563 sed
562 1508 594 1562 et
621 1521 680 1583 per
707 1506 792 1562 totas
822 1496 992 1563 duodecim
1019 1499 1119 1564 horas

297 1627 329 1672 re
367 1603 446 1681 diei3
476 1602 534 1667 sed
557 1610 590 1666 et
612 1600 741 1686 quando
762 1603 797 1666 in
820 1601 1009 1671 duodecima
1037 1602 1120 1668 hora

298 1732 330 1776 14
366 1706 430 1777 diei
454 1707 504 1771 sol
525 1707 619 1790 quasi
634 1728 730 1790 super
744 1702 915 1774 Scotorum
929 1704 1118 1770 aestimatur

298 1835 328 1880 15
366 1833 437 1877 esse
458 1811 579 1897 petria,
609 1818 642 1873 et
669 1818 758 1873 trans
786 1810 890 1894 ipsam
911 1806 1055 1875 Scotism
1083 1818 1117 1874 et

286 1942 328 1986 vro
365 1925 454 1981 trans
478 1924 652 1979 extremam
674 1910 801 1976 Indiam
823 1913 911 1976 etin
931 1919 1036 1977 totum
1056 1935 1115 1998 per

296 2044 328 2088 17
366 2018 571 2105 quadrigines
594 2014 716 2096 mundi,
739 2015 859 2099 sicque,
882 2024 1001 2098 quanto
1023 2015 1114 2082 Deus

297 2147 328 2192 18
365 2123 439 2203 scit,
455 2130 554 2188 ,trans
577 2128 682 2183 totum
704 2117 814 2183 orbem
836 2119 885 2183 sol
907 2117 995 2202 quod
1015 2120 1113 2205 respi-

297 2250 328 2294 ιο
366 2224 431 2287 ciat
454 2222 650 2288 credendum
673 2230 732 2288 est.
770 2220 829 2286 sed
850 2231 887 2286 ut
909 2221 1047 2288 diximus
1063 2246 1111 2287 ar·

294 2353 328 2398 20
364 2325 550 2391 bitrendum
572 2326 676 2391 estin
700 2348 763 2409 quo
778 2325 849 2390 loco
865 2326 956 2409 quasi
977 2326 1026 2390 sol
1040 2334 1110 2406 stet,

295 2459 326 2503 21
365 2430 450 2495 sicut
465 2431 498 2494 in
515 2429 623 2495 divina
638 2430 797 2514 scriptura
812 2430 993 2513 continetur
1017 2438 1109 2510 „tunc

295 2563 327 2609 ῃ
364 2534 493 2598 locutus
523 2543 573 2599 est
601 2533 698 2598 Iosue
720 2531 815 2597 Nave
844 2531 972 2597 domino
999 2532 1034 2596 in
1061 2530 1108 2596 die

295 2666 327 2711 2³
364 2661 429 2723 qua
442 2636 577 2702 tradidit
587 2637 781 2719 Amorreum
795 2637 829 2700 in
845 2644 1020 2721 conspectu
1033 2635 1108 2700 filio-
1222 2667 1223 2673 ¹

294 2768 328 2815 24
363 2764 436 2805 rum
457 2739 575 2819 Isreeh
606 2739 689 2804 dixit
712 2761 820 2804 coram
842 2739 903 2805 eis:
932 2739 982 2804 sol
1004 2747 1107 2804 contre

1219 2867 1220 2909 i

365 2975 397 3019 10
422 2972 574 3032 pstrisoditi.
630 2973 661 3019 15
685 2972 810 3018 sotinmA.
865 2973 896 3018 17
919 2972 1103 3031 qmdrigenesd.
1217 2937 1219 3006 i

363 3044 459 3102 usuque
477 3043 521 3089 ΑΒ
538 3043 603 3088 auu
650 3044 823 3102 2100an
839 3043 874 3099 Bt
892 3040 1103 3103 cfi10m1012.
1217 3017 1218 3067 t

364 3116 396 3161 ez
421 3115 499 3170 ioue]
518 3114 584 3160 nm
603 3113 667 3160 ercet
722 3115 755 3160 re
774 3119 832 3172 pou
849 3113 949 3160 surm
966 3113 989 3158 s
1007 3112 1060 3159 aar.
1075 3118 1102 3158 u
1215 3093 1217 3162 ,t

362 3186 373 3231 u
384 3186 557 3232 musteum
575 3185 640 3231 eus.
658 3185 668 3230 u
685 3191 824 3243 compotum
841 3184 871 3230 n.
1214 3167 1216 3223 t

1213 3238 1215 3312 i

1213 3314 1214 3381 t
