2404 3896
101 341 191 378 ovino
210 329 242 376 56

125 500 138 542 1

123 600 139 644 2

124 702 140 746 3

124 806 143 850 4

126 907 142 952 5

126 1012 143 1056 6

333 471 421 538 Urbs
444 467 554 538 Salvia

334 574 473 662 Reginia
496 575 622 638 colonia

333 679 468 768 Ungula

333 783 511 858 Aurimum

332 887 407 952 Esis

332 987 601 1054 Constantiniana
925 1053 928 1060 ,

334 1093 463 1173 Pistris,
487 1114 569 1175 quae
585 1093 765 1158 confinatur
786 1114 859 1157 cum
874 1100 937 1155 ter-

126 1215 144 1260 a
181 1196 293 1261 ritorio
309 1196 450 1260 civitatis
469 1193 730 1282 Senegalliensis‚
745 1197 837 1262 iuxta
850 1218 936 1260 mare

129 1319 144 1364 a
182 1300 308 1385 positae
323 1298 452 1364 Ionium
466 1298 501 1362 id
516 1308 566 1364 est
585 1300 691 1364 sinum
701 1298 915 1365 Adriaticum.

112 1422 146 1466 ro
214 1400 268 1470 56.
313 1400 467 1486 Sequitur
495 1403 638 1468 omnium
665 1403 803 1469 nobilior
831 1425 937 1467 amoe-

112 1529 145 1573 11
182 1506 254 1570 nior
275 1506 411 1572 fertilior
432 1505 529 1572 ditior
551 1516 647 1591 atque
669 1508 830 1593 potentior
843 1505 938 1572 Italia
1003 1483 1011 1505 '

86 1631 147 1700 '12
183 1610 376 1697 generaliter
404 1619 482 1674 tota.
528 1631 625 1694 quam
653 1609 782 1695 quidem
808 1610 937 1694 plurimi

114 1737 147 1781 ra
185 1736 251 1778 non
266 1713 370 1778 solum
388 1711 598 1798 descripsere,
614 1713 672 1779 sed
687 1724 719 1779 et
733 1712 938 1779 laudabiliter

115 1848 149 1891 14
184 1838 223 1881 ac
237 1815 507 1901 triumphabiliter
522 1817 666 1882 cecinere
680 1817 861 1902 philosophi
871 1825 938 1880 tam

114 1951 148 1997 η
185 1917 309 1986 Graeci
348 1942 444 2005 quam
478 1920 598 1986 Latini.
649 1943 710 1986 nec
744 1921 936 2006 incongrue:

116 2053 148 2098 1⁶
186 2024 304 2109 quippe
331 2025 431 2089 totius
460 2023 572 2090 mundi
598 2023 816 2090 monarchiam
845 2021 938 2087 obse-

116 2149 148 2192 17
185 2129 360 2212 quiumque
382 2127 471 2192 urbis
501 2150 539 2193 ac
559 2126 791 2213 plenitudinem
815 2126 884 2192 sola
904 2127 937 2190 in

221 2352 314 2398 codices
331 2351 403 2414 bfmr.

189 2461 200 2504 1
227 2457 291 2504 Urbs
310 2456 405 2514 Salvia}
427 2457 493 2504 Urbe
512 2456 594 2504 Salvia
617 2459 682 2515 alat,
709 2456 853 2504 Urbasaluia
874 2456 937 2513 saa,

186 2543 247 2574 auae
265 2528 411 2588 Urbisaglia.
476 2530 489 2572 ‘2
518 2528 619 2586 Reginio
642 2527 748 2584 colonial
766 2528 852 2574 Ricina
873 2527 937 2584 Tala,

187 2611 301 2646 concina
320 2611 413 2646 natvm
432 2611 518 2645 meme
536 2599 612 2644 Iacer.
627 2598 677 2645 915
698 2597 781 2645 Orelli.
845 2600 859 2643 3
888 2595 938 2644 Un-

188 2670 257 2730 gula}
276 2675 311 2716 cst
329 2669 472 2729 Cingulum
496 2669 563 2716 hodic
587 2668 691 2730 Cingoli.
764 2670 779 2715 4
807 2669 938 2714 Auximum

187 2745 258 2786 ctiam
275 2741 339 2797 Ant,
366 2741 466 2786 Ausimo
488 2739 552 2797 Tau,
579 2754 641 2786 acac
660 2739 751 2786 Osimo.
827 2740 842 2786 5
870 2739 938 2793 Esisl

188 2823 247 2859 con.
266 2823 337 2857 sss1s
354 2811 430 2857 Iacer.
449 2811 518 2856 3899
538 2809 627 2867 Orcll2'5
644 2825 706 2856 auae
723 2811 776 2856 Iasi.
833 2812 847 2856 6
876 2809 939 2856 Con-

189 2882 348 2938 stantiniana]
373 2881 549 2928 costantiniann
575 2897 611 2937 m,·
638 2881 698 2928 idam
720 2896 803 2927 nomen
827 2881 939 2926 tribuitur

187 2952 284 3013 Egnbio
304 2953 416 2998 17810.
472 2953 608 3010 7Pistria]
629 2952 718 2999 Sestias
739 2951 811 2998 Ταῦ]
864 2953 939 2997 8se·

187 3023 331 3083 nagaliensis
349 3023 408 3068 brar.
472 3025 486 3068 9
514 3024 606 3070 ionium
623 3024 715 3082 positae
734 3023 756 3069 b.
817 3023 848 3066 10
876 3034 940 3066 amc-

187 3096 241 3140 nior
267 3109 311 3139 mr.
404 3095 434 3139 11
462 3093 539 3153 ytalia
559 3092 623 3154 fmr.
715 3095 746 3139 la
773 3093 829 3147 sed}
856 3098 892 3137 set
911 3089 936 3152 f.

192 3167 222 3210 14
251 3168 291 3221 acl
311 3171 334 3210 et
358 3163 384 3225 s.
439 3163 448 3208 ΙΙ
491 3164 636 3224 phylosophi
663 3179 693 3210 m.
793 3163 823 3207 15
853 3165 937 3220 quaml

190 3250 262 3293 quam
281 3241 305 3282 ct
323 3235 381 3283 brar.
457 3237 487 3282 16
507 3236 585 3280 tocius
598 3232 624 3294 f.
697 3236 728 3279 17
756 3233 835 3288 urbis}
859 3229 939 3278 orbis?

188 3307 198 3352 tl
212 3305 385 3364 plenituninem
404 3306 426 3351 b.
453 3307 462 3352 ΙΙ
488 3307 524 3362 in]
544 3307 567 3350 iri
581 3321 602 3349 r.
