2464 3896
280 293 316 346 22
1059 293 1108 340 1⁹

300 463 313 508 1
349 437 487 525 phorum
517 447 629 504 coctus
657 438 742 502 intor
765 437 906 521 reliquos
934 459 1010 504 suos
1041 459 1110 504 scr·

298 565 314 610 o
350 563 462 606 mones
485 539 678 606 determinat
707 539 794 624 quod
816 540 866 604 sol
890 539 952 606 sub
976 542 1109 625 profun-

298 667 313 712 a
350 645 452 710 ditate
461 642 586 710 Oceani
598 653 742 708 arctoam
752 653 877 730 partem
888 653 987 708 noctu
999 666 1109 708 exam·

297 770 314 816 e
350 748 443 814 bulat
461 748 618 813 habentes
634 748 726 831 quasi
740 749 960 812 testimonium
975 755 1108 812 motae

299 873 313 919 o
351 853 541 938 scripturae,
563 875 646 936 quac
661 852 745 918 dixit
759 851 846 935 quod
870 851 939 931 „sol
957 875 1109 939 egressus

298 976 314 1022 s
351 963 401 1021 est
428 965 667 1040 superterram
689 956 831 1022 etLoth
860 957 1028 1042 ingressus
1058 967 1109 1022 est

299 1081 314 1125 7
350 1057 485 1146 Segor,“
510 1068 543 1124 et
558 1059 636 1124 alibi
660 1061 782 1140 ,oritur
803 1059 853 1126 sol
874 1068 907 1124 et
921 1059 1044 1126 occidit
1059 1061 1109 1125 sol

298 1184 314 1230 s
351 1172 385 1228 et
412 1164 446 1226 in
468 1162 576 1227 locum
605 1185 701 1228 suum
725 1163 873 1244 ducitur,
901 1164 1009 1230 oriens
1037 1164 1108 1250 ipso

299 1291 313 1335 c
347 1265 440 1330 vadit
462 1265 506 1332 ad
526 1275 673 1332 arrsmrm
688 1276 720 1332 et
735 1268 820 1354 girat
835 1266 877 1332 ad
891 1266 1106 1350 aquilonem,“

282 1393 314 1441 ιο
350 1379 384 1434 et
405 1379 591 1454 proponunt
613 1371 690 1453 quia
710 1372 739 1436 si
761 1369 877 1454 aliquis
898 1371 1036 1436 voluerit
1059 1372 1109 1437 di·

281 1497 312 1542 11
351 1496 424 1538 cere
447 1472 535 1556 quod
557 1495 622 1538 non
644 1472 723 1538 dicit
738 1484 851 1538 sancta
865 1475 1027 1560 scriptura
1042 1475 1109 1540 cla-

282 1599 315 1645 12
349 1578 418 1642 rius
441 1577 516 1660 quia
538 1576 600 1642 sub
629 1576 847 1663 profunditate
870 1576 996 1644 Oceani
1017 1579 1109 1644 vadit

282 1703 313 1748 la
350 1680 401 1746 sol
422 1679 562 1764 spatium
585 1701 643 1766 per
664 1689 872 1748 nocturnumr
895 1681 939 1746 ad
960 1705 1042 1766 quos
1057 1705 1110 1748 re·

281 1804 314 1851 14
350 1783 548 1871 spondemus
571 1781 732 1868 quomodo
753 1784 877 1852 dictum
899 1795 950 1850 est
967 1787 1043 1869 quia
1059 1788 1109 1852 sol

280 1910 313 1956 1⁶
349 1909 500 1976 egressus
528 1899 579 1954 est
606 1889 698 1954 locis.
747 1911 824 1954 nam
856 1911 921 1954 non
947 1890 1110 1976 potuisset

281 2017 313 2062 rc
349 2003 464 2059 sancta
492 1993 654 2078 scriptura
683 1989 807 2073 dicere,
839 1994 982 2078 respexit
1010 2016 1109 2080 super

278 2121 312 2166 ιτ
349 2107 480 2179 terram,
509 2098 537 2164 si
560 2093 739 2162 altitudinis
760 2117 826 2160 non
853 2097 968 2162 frusset
989 2119 1108 2164 sermo.

279 2223 312 2270 ιε
350 2202 476 2266 namsi
498 2200 651 2281 dixisset,
679 2199 729 2266 sol
751 2221 901 2285 egressus
928 2209 980 2266 eat
1010 2224 1109 2287 super

279 2326 312 2373 la
349 2314 480 2384 terram,
502 2305 703 2391 significaret
716 2301 804 2386 quod
818 2302 860 2367 de
881 2302 1042 2388 profundo
1057 2306 1108 2371 sol

350 2557 364 2602 1
393 2554 508 2602 cetusB.
577 2553 919 2608 tarsosmA,artoamB.
986 2555 1106 2615 oquae]

348 2627 415 2686 qnod
426 2626 457 2671 B.
475 2627 485 2671 ΙΙ
505 2626 579 2685 qnod}
593 2626 686 2685 quiaA.
703 2625 714 2670 ΙΙ
730 2623 768 2671 sol
778 2627 896 2684 eguus}
912 2625 996 2672 Gna.
1008 2627 1042 2672 19
1063 2627 1106 2673 23.

349 2700 364 2744 7
384 2698 460 2743 oritur
472 2696 509 2742 sol
522 2699 576 2753 cto]
588 2695 752 2742 Ecclcrioatoe
764 2698 779 2740 1
797 2697 828 2752 5‚·
846 2698 922 2740 renio
934 2699 1032 2756 antiquo
1045 2699 1108 2755 (Sa-

347 2768 427 2814 butier
448 2767 583 2814 Bolum
606 2766 650 2812 lut.
673 2781 734 2812 ocra.
758 2767 806 2812 Η
824 2765 933 2825 passi)
952 2769 1047 2822 „oritur
1069 2769 1106 2814 sol

347 2845 373 2885 et
384 2840 476 2886 occidit
490 2838 527 2886 sol
545 2839 620 2884 etad
638 2837 718 2884 locum
735 2849 805 2884 annm
823 2838 898 2894 duit,
916 2847 941 2884 et
958 2840 1036 2885 oritur
1053 2841 1105 2899 ipse

347 2911 391 2965 ihi,
410 2911 479 2956 radit
501 2910 533 2956 ad
555 2917 664 2956 ausuum
682 2915 708 2954 et
724 2915 796 2968 gyrat
817 2909 850 2954 ed
867 2908 1031 2967 aquilonem*
1057 2913 1107 2956 Aa·

346 2984 455 3042 purtim
468 2980 507 3026 1.1
521 2981 551 3026 de
564 2981 621 3026 Gea.
632 2979 666 3024 od
677 2979 714 3026 lo.
727 2981 788 3024 ow
797 2980 872 3024 a.21.
890 2987 933 3035 ‚ct
943 2981 1020 3026 oritur
1031 2980 1107 3027 solet

348 3053 439 3098 occidit
450 3051 495 3106 sol,
515 3059 539 3097 et
556 3052 581 3096 in
594 3051 675 3096 locum
686 3063 756 3098 suum
768 3051 871 3106 ducitur,
885 3051 936 3109 ipsc
948 3051 1045 3098 oriens·
1058 3057 1105 3098 etc.

347 3122 446 3168 adun
465 3119 635 3180 drffertrmio
650 3119 714 3181 uly-
760 3123 775 3168 9
803 3127 874 3181 gyret
891 3121 957 3168 editi.
1008 3123 1039 3168 15
1069 3129 1105 3169 est

347 3207 395 3240 οι.
413 3197 441 3240 Δ.
461 3194 471 3236 ΙΙ
490 3192 559 3248 locis}
572 3192 625 3238 loos
636 3192 667 3248 B,
679 3206 724 3238 on.
737 3192 803 3238 editt.
868 3193 899 3238 lc
922 3199 1007 3239 sancta
1018 3207 1065 3239 on.
1075 3196 1104 3240 Δ.

351 3264 383 3310 18
402 3265 513 3320 dixisset]
531 3265 640 3310 diversus
655 3263 679 3310 B
697 3262 761 3308 editi.
