2404 3896
86 365 172 400 eume
192 355 226 400 44
762 348 766 355 '
867 353 921 408 483

105 527 117 571 1
159 500 310 564 inlitora
339 499 436 563 maris
460 495 580 564 Gallici
609 523 667 566 seu
688 501 836 587 Tyrreni.
882 513 915 567 et

103 631 118 674 2
158 611 333 689 supersunt
356 601 503 667 civitates
526 604 560 673 in
583 603 695 669 eadem
716 606 847 692 regione

103 734 118 779 3
308 705 474 770 Ballarum
496 705 531 772 id
554 717 603 773 est
625 707 739 773 Billari

310 805 424 873 Crater

238 990 241 1000 Ι
310 909 504 1012 Scillaeeum

103 837 119 882 4

104 939 118 983 5

104 1043 119 1087 5
311 1011 511 1081 Canninium.

103 1148 118 1192 7
190 1121 243 1191 44.
281 1118 366 1184 Item
380 1119 471 1184 iuxta
484 1119 623 1186 Romam
638 1123 691 1188 via
704 1122 913 1188 Numeniana

102 1243 118 1287 a
157 1236 207 1293 est
230 1224 344 1290 civitas
368 1245 449 1306 quae
473 1221 592 1289 dieitur

102 1346 117 1390 a
308 1326 511 1392 Humentum

86 1451 118 1495 ιο
307 1431 421 1516 Aquas
444 1429 582 1497 Albulas
628 1500 630 1504 ,

85 1555 116 1599 11
306 1533 438 1599 Tiburis

85 1659 116 1702 ra
306 1637 402 1702 Barie

84 1763 116 1807 13
306 1742 449 1806 Laninas

83 1867 116 1911 14
307 1845 438 1911 Rannes

83 1971 115 2016 15
168 2027 170 2032 Ι
307 1949 409 2015 Rotas

83 2078 115 2122 16
307 2053 444 2138 Aliphas

83 2181 116 2225 17
307 2155 436 2221 Telesia

82 2284 116 2328 18
305 2257 447 2345 Sirpium

82 2389 114 2432 19
304 2362 426 2427 Forum
445 2387 575 2445 novum,
599 2388 681 2448 quae
703 2367 815 2432 civitas
833 2390 908 2432 eon·

80 2491 114 2536 20
155 2464 227 2528 finis
252 2475 301 2530 est
323 2465 412 2531 urbis
434 2463 691 2533 Beneventanus.

189 2715 281 2761 codices
300 2715 371 2776 hsmr.
617 2718 650 2779 es.
663 2719 722 2765 Rau.
737 2719 787 2764 279
806 2721 869 2780 aeq.

155 2843 167 2885 l
196 2839 276 2886 littore
289 2839 316 2900 f.
343 2841 352 2885 ll
378 2843 460 2888 tirreni
479 2842 513 2904 bf.
577 2846 591 2888 4
621 2849 701 2890 craten
718 2859 740 2888 r,
808 2845 821 2890 5
850 2844 905 2890 scil-

151 2911 241 2958 lacium
261 2909 282 2967 b,
310 2911 461 2970 squillacium
474 2913 500 2974 f.
591 2915 604 2960 6
634 2915 751 2960 cocimum
764 2913 790 2975 s.
819 2914 828 2959 ll
849 2921 906 2972 post

152 2982 293 3028 Coccinium
320 2985 422 3042 spatium
449 2999 546 3030 uacuum
574 2987 644 3031 trium
663 2983 722 3044 fera
748 2999 854 3031 vanuum
882 2985 904 3030 b.

153 3055 166 3098 7
195 3053 347 3099 numentaria
358 3052 385 3114 f.
452 3057 466 3100 9
495 3057 635 3102 bumentum
646 3055 673 3116 f.
740 3057 771 3101 12
800 3056 865 3101 batis
877 3054 902 3114 s.

152 3125 184 3170 13
203 3123 297 3170 lamnas
309 3122 372 3183 smr.
421 3127 452 3172 14
471 3141 564 3173 ramnes
575 3142 620 3184 aar,
639 3116 726 3172 rannis
744 3125 765 3171 b.
816 3125 846 3171 15
866 3140 904 3172 ro-

150 3201 200 3241 tam
214 3193 240 3255 f,
260 3208 325 3241 roras
339 3211 360 3241 r.
422 3199 453 3242 17
472 3198 630 3244 thelesiamr.
687 3199 718 3242 18
738 3197 845 3256 siripinm
858 3211 903 3241 mr.

151 3267 184 3311 20
209 3271 266 3324 post
283 3264 466 3314 Beneventanae
489 3272 590 3327 spatium
612 3281 709 3315 vaenum
735 3267 833 3313 duorum
852 3281 904 3312 ver-

149 3351 216 3382 suum
235 3342 257 3381 et
276 3335 367 3384 dimidii
385 3337 406 3384 b.

704 3419 752 3462 ³¹⁸
