2358 3906
97 521 115 1387 ReoeerQ-fflaewtd

82 1447 95 2010 -nb—-n-——s—-t-——ffl

98 1447 114 2011 &nuenton—⁵0

300 497 440 562 Diciana

302 600 453 666 Iuncaria

302 701 461 770 Cinniana

301 805 458 872 Gerunda

302 911 409 994 Aquis
432 907 577 976 Vuconis

300 1011 445 1104 Steras·
519 1089 522 1096 ¹

299 1117 480 1182 Barcelona

299 1221 501 1286 Praetorium

300 1325 473 1411 Arragona

301 1427 401 1494 Fines

300 1532 489 1597 Antistiana
562 1580 566 1586 -

301 1635 448 1700 Palturia

300 1739 490 1827 Tarsagona
537 1722 542 1736 ’

300 1840 481 1931 Saguntum

299 1946 401 2012 Pinus

154 2208 166 2250 1
194 2205 298 2252 Diciana
327 2209 397 2252 etiam
423 2205 443 2252 V
464 2205 493 2263 3,
526 2205 618 2252 ditiana
640 2205 663 2250 Β
685 2203 755 2262 editi,
785 2203 903 2253 Δεκίανα

150 2275 221 2335 Prot,
240 2276 349 2323 Deciana
370 2276 425 2322 Tab.
481 2277 495 2321 2
514 2275 626 2323 Iuncaria
643 2277 714 2322 etium
730 2273 783 2321 V3
803 2279 825 2320 at
837 2275 901 2333 Aut,

150 2346 269 2392 Luncaria
284 2347 340 2394 Tab.
395 2349 409 2393 3
434 2345 553 2393 Cinniana
571 2350 640 2393 etiam
656 2346 709 2393 V3
729 2352 752 2392 at
768 2347 833 2403 Aut,
853 2347 903 2392 cin·

151 2431 221 2464 mana
239 2416 310 2476 ABG,
339 2417 463 2464 Genuiana
478 2417 534 2463 Tab.
588 2419 604 2463 4
632 2416 745 2464 Gerunda
763 2420 833 2463 etiam
849 2418 902 2464 V3

150 2495 173 2534 et
184 2489 249 2548 Ant,
268 2487 379 2534 Gerunda
393 2488 449 2534 Tab.
505 2489 519 2534 ὅ
538 2488 657 2544 Vucunis]
676 2489 776 2534 unconis
787 2488 817 2546 Β,
838 2490 903 2536 uico·

150 2561 187 2606 nis
208 2559 232 2618 C,
251 2559 358 2606 Voconia
377 2560 434 2604 editi
446 2573 497 2604 cum
507 2559 570 2615 Aua,
589 2559 684 2605 Voconi
700 2558 764 2616 Tab.,
783 2559 902 2606 Bucconis
988 2595 990 2599 ,

155 2629 215 2676 V3.
272 2631 286 2676 6
311 2629 391 2676 Steras
409 2631 479 2675 atium
497 2630 518 2675 V
533 2631 557 2687 3,
578 2629 683 2676 Seterraa
702 2629 828 2675 editicium
847 2632 901 2676 Aut.

152 2701 324 2748 VBarcenone
342 2702 406 2759 Aut,
435 2699 537 2747 Colonia
553 2701 657 2746 Barcino
675 2700 736 2746 V3.
791 2702 806 2746 8
832 2701 903 2748 Prae-

150 2773 239 2818 torium
252 2773 322 2818 etiam
337 2772 391 2830 V3,
405 2773 534 2830 pretorium
548 2770 571 2829 C,
585 2771 706 2817 Praetorio
716 2773 771 2816 alat.
809 2773 823 2817 9
842 2771 903 2818 Ara-

150 2857 215 2902 gona
231 2843 253 2888 V
268 2843 293 2888 3.
349 2845 380 2889 10
404 2842 474 2888 Fines
494 2845 563 2888 atium
581 2841 632 2888 V3
652 2841 742 2889 etant.
798 2845 827 2887 ll
852 2841 903 2888 Au-

149 2915 249 2960 tistiana
267 2916 337 2959 atium
350 2914 372 2960 V
387 2913 403 2958 3
421 2919 444 2958 et
455 2913 510 2958 Aut.
566 2914 597 2958 12
617 2911 756 2960 Palturiana
768 2913 791 2959 V
804 2911 828 2967 3,
848 2913 903 2959 Pal-

150 2985 246 3030 furiana
263 2986 318 3030 Aat.
384 2986 414 3030 la
434 2984 572 3042 Tarragcna
590 2984 654 3041 editi,
674 2983 833 3030 Tarraconem
851 2982 902 3030 V3

152 3061 174 3100 et
191 3057 247 3102 Ant.
304 3057 336 3102 14
361 3053 600 3114 Saguntum-304
619 3055 635 3100 4
654 3053 768 3111 Hildum]
787 3053 831 3100 hoc
850 3053 902 3100 loco

151 3125 193 3172 AG
209 3132 232 3172 at
250 3129 354 3184 aprima
366 3141 396 3171 m.
410 3131 531 3171 correctus
542 3125 572 3183 Β,
587 3131 644 3184 port
657 3123 771 3172 Setavum
785 3124 850 3182 (304
871 3125 901 3181 9)

152 3197 216 3254 editi,
235 3196 327 3242 scilicet
344 3196 458 3258 neclectis
476 3197 517 3242 ab
532 3198 573 3242 cd
592 3195 713 3253 litteralia,
737 3196 819 3255 quibua
837 3198 862 3242 ia
879 3197 902 3241 Β

151 3267 211 3314 ordo
229 3269 346 3314 nominum
363 3268 490 3314 indicatur.
537 3268 546 3312 ΙΙ
591 3265 736 3326 Saguntum]
761 3269 829 3312 immo
849 3265 901 3314 Sal-

151 3341 203 3385 tum
221 3338 241 3384 V
257 3337 280 3384 3.
337 3339 368 3386 15
396 3339 473 3385 Pinon
491 3338 511 3384 V
527 3337 551 3384 3.
