2372 3904
100 333 160 379 ma
308 295 310 300 ’
853 334 906 387 us

120 501 130 544 1
161 489 230 564 ptus
244 479 447 544 Pentesileus
470 488 502 544 et
516 479 699 564 Marpesius
715 489 811 564 atque
827 481 905 546 Pto-

117 603 131 646 a
161 583 297 648 lomaeus
326 606 384 647 rex
411 583 647 669 Aegyptiorum
676 583 905 666 Macedonum,

116 707 130 751 a
161 686 347 772 philosophi.
880 746 883 756 ,

115 783 169 854 el
202 789 282 854 Item
311 791 401 855 iuxta
424 787 592 855 Oceanum
621 800 671 855 est
696 791 801 875 patria
823 813 904 873 quae
966 855 967 858 ,

116 911 129 956 s
163 892 275 958 dieitur
296 893 548 976 Roxolanorum,
577 893 758 975 Suarieum,
787 891 904 958 Sauro-

115 1016 129 1060 o
162 1006 287 1062 matum.
333 1020 391 1082 per
414 1019 510 1080 quam
532 999 668 1083 patriam
691 998 774 1061 inter
798 1006 905 1062 uetera

116 1119 128 1161 r
161 1109 324 1166 transeunt
345 1100 478 1165 flumina
500 1124 581 1185 quae
604 1101 766 1182 dicuutur,
788 1101 904 1166 fluvius

115 1223 129 1266 s
162 1205 314 1268 maximus
338 1205 393 1288 qui
417 1203 535 1268 dieitur
550 1204 690 1286 Vistula,
714 1205 788 1288 quia
809 1205 904 1269 nimis

115 1327 128 1369 e
161 1307 300 1372 undosus
329 1309 363 1371 in
385 1305 519 1373 Ooeano
547 1309 707 1395 vergitur,
736 1318 768 1372 et
790 1308 905 1374 fluvius

100 1429 128 1472 ιο
163 1412 214 1494 qui
227 1413 411 1476 nominatur
420 1385 607 1476 Luttasde
619 1435 683 1496 qua
695 1413 801 1496 patria
815 1437 906 1478 enar-

100 1531 127 1574 11
161 1517 240 1579 ravit
268 1538 366 1600 supra
393 1516 531 1600 scriptus
554 1516 759 1580 Ptolomaeus
787 1539 844 1580 rex
874 1526 906 1580 et

101 1637 128 1680 12
161 1618 378 1704 philosophus
431 1620 522 1683 ouius
554 1621 677 1704 patriae
708 1629 783 1704 post
815 1629 907 1706 terga

100 1739 128 1784 13
160 1720 415 1787 infraOeeanum
428 1745 525 1808 supra
536 1723 657 1806 scripta
666 1723 772 1787 insula
783 1721 908 1788 Soanaa

102 1845 129 1888 14
160 1827 329 1891 invenitur.

101 1947 127 1990 ro
189 1931 219 1998 5.
264 1931 349 1995 Item
371 1929 414 1994 ad
435 1931 573 1994 frontem
595 1928 836 1994 Roxolanorum
858 1953 908 1994 re-

101 2049 128 2092 16
161 2035 262 2121 gionis
280 2044 356 2098 sunt
370 2034 503 2118 patriae,
524 2032 558 2097 id
574 2041 623 2096 est
638 2029 907 2119 Sithotrogorum,

164 2257 175 2300 1
203 2255 366 2314 penthesileus
384 2256 412 2311 A,
440 2253 603 2312 penthesilaus
621 2253 650 2298 Β.
690 2252 700 2298 ll
738 2256 774 2310 et]
796 2269 824 2299 oo
843 2253 906 2300 aditi·

162 2326 315 2384 llmarposius
336 2325 359 2371 0.
387 2326 396 2370 ll
422 2324 574 2383 ptholomeus
594 2322 617 2380 0,
636 2324 772 2382 ptolomeus
785 2326 828 2370 AB
842 2325 906 2371 editi.

163 2398 176 2441 2
203 2397 356 2456 egyptiorum
378 2399 406 2454 A,
434 2402 576 2454 egyptomm
598 2395 628 2451 B,
656 2395 821 2454 Aegyptorum
843 2397 907 2442 editi.

163 2470 176 2513 3
199 2475 256 2526 post
278 2467 417 2526 philosophi
439 2467 461 2511 B
479 2466 535 2511 add.
554 2466 624 2522 XIII,
655 2463 758 2511 Gaddir
781 2468 810 2512 de
829 2468 907 2526 patna

160 2538 329 2584 roxolanorum
341 2539 459 2583 suarIoum
471 2543 633 2582 sauromatum
645 2537 710 2594 apud
721 2537 775 2595 1111j.
825 2539 838 2583 5
859 2537 908 2582 Ro·

161 2609 243 2654 xulani
275 2609 330 2654 rao.
361 2609 370 2656 ll
404 2607 542 2664 SuarIcum}
571 2607 669 2653 Saurioa
687 2613 709 2652 et
728 2606 821 2653 Sorioes
851 2609 907 2654 Tob.

162 2680 170 2723 ΙΙ
183 2679 363 2736 Sauromatum]
376 2679 484 2726 Sarmata
501 2678 556 2723 Tot.
594 2680 607 2723 7
628 2678 710 2722 dicunt
722 2678 751 2722 B.
794 2681 807 2724 7
829 2681 842 2723 8
863 2679 907 2723 flu·

160 2752 225 2796 vtum
243 2751 376 2802 maximum
396 2749 420 2796 0.
489 2751 503 2794 8
532 2747 620 2794 iustula
637 2746 686 2794 BC.
714 2748 723 2793 ll
749 2750 805 2806 qula
823 2750 906 2806 nimis]

160 2822 270 2880 qrunm'l
300 2820 324 2866 0.
392 2823 411 2866 ·9
444 2821 481 2875 inl
509 2825 532 2865 et
559 2821 583 2864 in
612 2817 635 2864 0.
664 2819 673 2864 ll
703 2821 818 2878 mergitur
844 2821 907 2865 editi.

162 2894 191 2937 10
221 2892 284 2938 lutta
303 2893 378 2948 (corr.
396 2889 470 2949 lurta)
491 2889 515 2936 C.
574 2891 601 2934 11
622 2888 775 2947 ptholomeus
788 2889 833 2946 ΑΟ,
854 2897 908 2949 pto·

159 2962 250 3008 lomeus
270 2963 292 3006 B
309 2962 396 3008 Porcla.
417 2961 489 3006 Grou.
503 2963 527 3017 1,
546 2961 682 3006 Ptolemeus
702 2960 774 3006 Grau.
786 2961 809 3006 2.
835 2960 844 3005 ll
863 2975 906 3005 rex

159 3040 214 3078 anta
224 3031 378 3079 Ptolomaeus
384 3037 477 3090 ponant
489 3033 553 3078 editi.
604 3033 634 3077 13
655 3029 754 3087 Shanza]
769 3030 801 3091 cs.
813 3032 846 3076 29
866 3031 907 3076 14.

161 3106 192 3150 14
216 3110 274 3168 post
292 3105 412 3150 invenitur
429 3105 451 3148 B
469 3103 524 3148 add.
542 3103 621 3158 XIIII,
653 3100 754 3147 Gaddir
778 3104 806 3147 de
831 3103 909 3160 patria

159 3177 352 3234 sythotrogorum
372 3176 450 3233 campi
469 3179 514 3220 etc.
571 3175 600 3220 15
629 3172 772 3218 roxolanum
790 3173 840 3224 AB,
870 3186 908 3217 ro-

159 3245 233 3291 xolar'r
244 3245 268 3294 C.
325 3247 355 3291 16
381 3247 459 3304 patria
478 3245 551 3290 Gran.
566 3245 589 3301 2,
609 3259 653 3288 om.
674 3242 698 3289 C.
726 3243 735 3288 ll
762 3242 904 3300 Scythotro-

159 3331 243 3375 goram
261 3316 325 3362 editi.
