2528 3894
272 306 325 364 388
1014 309 1089 360 vro

288 481 301 526 1
339 455 486 542 portione
502 455 601 522 Asine
625 463 809 520 evenerunt.
854 477 928 520 nam
945 456 1091 541 praefata

287 582 302 628 2
339 560 444 647 portio
460 556 564 624 Cham
586 557 720 626 artaud
734 581 820 623 mare
834 581 987 646 magnum
1001 560 1092 626 Afri-

287 686 303 732 s
341 686 397 730 ose
419 685 521 748 usque
544 664 577 728 in
601 659 767 728 Oceanum
782 662 998 728 Mauritaniae
1019 686 1091 730 esse

287 777 310 834 ι’
341 767 557 856 dignoscitur3
584 764 643 832 sed
665 766 767 852 magis
790 767 824 830 in
845 765 1093 853 longitudinem,

288 891 303 938 ι
339 872 375 938 id
397 880 447 939 est
470 891 601 957 usupra
615 870 736 954 scripta
750 869 987 951 Rinoomuron,
1010 892 1094 955 quae

289 995 304 1039 s
341 984 391 1042 est
404 976 489 1040 iuter
503 973 720 1039 Palaestinam
732 981 765 1038 et
776 973 974 1060 Aegyptum,
987 995 1093 1056 usque

290 1097 305 1141 r
341 1078 384 1146 ad
405 1079 523 1144 fretum
537 1074 857 1163 Septemgaditanum
878 1075 1093 1162 protenditur,

290 1195 305 1242 8
342 1192 375 1248 et
396 1181 470 1248 ideo
493 1181 585 1264 qussi
606 1202 687 1266 pene
710 1181 851 1265 quinque
865 1179 962 1246 horae
978 1177 1043 1244 diei
1057 1181 1092 1244 in

290 1299 305 1344 9
342 1284 455 1352 eadem
475 1283 590 1350 Africa
611 1295 803 1369 supputatae
825 1292 911 1349 sunt.
955 1305 1030 1348 nam
1051 1282 1093 1347 de

274 1400 306 1446 1⁰
343 1411 440 1474 supra
463 1388 583 1472 scripta
597 1386 728 1473 Europa
750 1396 783 1452 et
804 1386 991 1452 multotiens
1006 1385 1095 1450 diota

275 1505 305 1550 11
343 1493 425 1559 Asin
454 1500 487 1556 et
509 1514 607 1576 supra
635 1492 757 1577 scripta
779 1491 902 1571 Afrioa,
932 1488 1094 1575 quomodo

276 1606 307 1652 12
344 1605 400 1661 aut
429 1595 566 1680 qualiter
593 1603 772 1679 ponuntur,
804 1591 935 1660 Christo
963 1596 1094 1660 iuvante

276 1711 307 1756 18
343 1701 408 1765 iam
429 1697 579 1766 subtilius
601 1719 699 1782 supra
720 1697 935 1784 exposuimus.

276 1814 308 1859 14
387 1802 537 1868 Diversis
551 1801 669 1866 etenim
683 1799 944 1866 altercationibus
960 1801 1096 1887 expletis

276 1915 308 1960 15
345 1906 562 1974 necessarium
589 1903 738 1970 duximus
767 1902 1013 1990 supponendum
1039 1902 1098 1968 do·

276 2019 308 2066 16
347 2011 483 2076 otrinam
505 2006 612 2072 adhue
638 2030 734 2094 super
756 2007 873 2092 quibus
895 2007 1009 2072 insulis
1031 2016 1098 2072 tra-

277 2121 309 2166 17
347 2114 433 2195 dere,
457 2109 671 2196 dootilemque
685 2120 718 2176 te
734 2135 774 2176 ex
788 2110 936 2177 omuibus
951 2110 1098 2193 reddere,

278 2224 309 2269 18
347 2228 383 2283 ut
405 2216 526 2302 possis,
556 2215 656 2279 amice
680 2215 859 2297 carissime,
883 2236 956 2280 oum
978 2213 1098 2302 gaudio

349 2524 362 2568 1
391 2521 504 2580 porcione
523 2519 552 2564 B.
618 2520 632 2565 2
661 2521 747 2579 porcio
763 2519 812 2567 Bo.
849 2521 859 2567 ll
894 2523 946 2567 orti
962 2520 993 2576 B,
1021 2527 1099 2566 artum

347 2591 412 2638 editi.
481 2591 496 2636 4
525 2590 658 2636 dinoscitur
674 2589 721 2638 Ao.
758 2592 768 2638 ΙΙ
802 2597 839 2638 set
857 2592 887 2637 B.
922 2591 932 2636 t
966 2590 1100 2650 longitudi-

348 2665 415 2718 neml
442 2661 571 2707 latitudine
596 2661 620 2706 B
646 2661 712 2708 editi.
778 2663 792 2708 t
820 2664 988 2710 rinocurrurou
1006 2664 1035 2718 A,
1066 2661 1099 2706 ri-

348 2745 501 2780 nocurrunon
521 2729 545 2777 0.
613 2733 625 2776 7
655 2733 884 2794 septe-goditonum
899 2729 949 2779 Ao.
985 2731 996 2778 ll
1029 2745 1099 2791 prse-

347 2801 455 2851 tenditnr
464 2803 494 2859 B,
513 2802 662 2861 protenditur
674 2801 715 2862 G..
753 2805 898 2852 oaffrioam
915 2803 944 2849 A.
1001 2804 1032 2848 10
1050 2801 1101 2848 Eu-

350 2874 494 2934 ropa-ll
523 2885 597 2932 supra
620 2874 710 2933 scriptu
733 2889 778 2922 om.
797 2874 884 2922 Porci.
952 2874 984 2919 10
1012 2871 1100 2919 multo-

350 2945 415 2992 ciens
435 2942 459 2991 0.
521 2946 551 2990 11
576 2947 612 3000 etl
631 2944 670 2992 rel
688 2945 732 2991 ΑΒ
750 2945 814 2992 editi.
833 2947 843 2993 ΙΙ
865 2957 937 3004 super
956 2944 1030 2990 Gron.
1040 2945 1064 2989 1.
1075 2944 1099 2989 2.

353 3015 383 3062 12
412 3023 516 3074 ponetur
534 3014 599 3060 editi.
656 3018 687 3062 18
711 3023 768 3075 port
780 3013 1033 3076 exposuimuscadd.
1045 3029 1102 3074 pro·

351 3086 422 3145 logus
447 3088 551 3132 auctoris
574 3100 645 3146 super
669 3087 811 3146 quibusdum
834 3086 919 3134 insulis
940 3086 1102 3145 designandis.

354 3160 387 3204 14
416 3157 521 3204 divorsus
538 3157 581 3201 AB
600 3158 665 3204 editi.
701 3158 711 3204 ΙΙ
744 3158 913 3206 altereationes
933 3156 1042 3216 expletus
1059 3157 1103 3202 AB

353 3227 418 3274 editi.
474 3227 505 3274 15
524 3229 684 3275 necessarium
697 3259 729 3270 -
744 3231 793 3276 889
814 3231 828 3275 8
847 3241 911 3275 nuno
928 3243 973 3274 om.
984 3228 1027 3274 AB
1039 3227 1104 3274 editi.

357 3298 389 3344 18
417 3297 541 3344 kunssimu
561 3296 584 3346 C.
