2464 3896
897 295 931 347 2?

122 463 135 508 1
178 439 356 506 lomonemr
380 441 468 506 venit
481 449 606 526 partem
623 442 814 525 aquilonem,
836 453 931 508 nocte

120 569 136 615 r
177 543 338 626 ambulat:
362 564 438 628 nam
460 544 620 628 quomodo
643 555 676 612 ot
690 547 837 630 qualiter,
859 555 942 634 tan-K

120 671 137 716 a
177 647 345 714 tummodo
369 647 429 712 deo
452 658 563 714 nostro
585 657 635 714 est
658 651 832 737 cognitum.

121 774 138 818 4
264 750 334 819 Sed
356 762 393 817 ut
415 752 458 818 ad
479 753 679 839 propositum
693 753 872 837 redeamus,
895 765 932 820 ut

121 875 137 921 5
177 855 302 922 dictum
317 864 385 937 est,
406 878 465 942 per
486 865 667 924 nocturnos¹
684 879 838 924 occursus
854 859 930 924 solis

121 979 137 1024 e
177 957 308 1026 Christo
332 958 425 1025 nobis
448 960 621 1026 auxiliante
649 983 820 1046 possumus
847 961 932 1027 arbi·

122 1083 137 1128 r
175 1065 254 1128 trari
277 1063 439 1148 quomodo
461 1064 538 1130 litus
560 1063 741 1149 perlatum
764 1062 932 1130 Oceanum

121 1185 138 1232 a
176 1177 306 1234 arctoae
328 1169 477 1255 regiones
498 1175 671 1253 ponuntur.
825 1163 826 1167 ’

121 1291 138 1336 a
210 1270 262 1339 ll.
308 1272 419 1337 Prima
433 1281 470 1336 ut
483 1271 563 1336 hora
577 1271 683 1336 noctis
698 1269 932 1337 Germanorum

105 1394 137 1439 lo
176 1385 226 1442 eet
248 1376 365 1462 patria,
389 1397 471 1458 quae
486 1374 582 1438 modo
604 1373 932 1441 aFrancis·domina-

82 1499 136 1571 ,ιι
174 1489 240 1563 tur,
264 1487 301 1544 ut
324 1479 472 1565 superius
501 1477 713 1561 dictumest,
743 1478 835 1544 cneius
858 1487 932 1562 post

106 1605 137 1650 12
173 1593 268 1670 terga
283 1585 367 1648 iufra
378 1580 546 1647 Oceanum
560 1581 726 1666 praedicta
739 1581 846 1646 insula
858 1581 931 1646 Bri·-

105 1709 137 1755 ro
174 1688 276 1770 tonia,
291 1686 369 1752 dum
384 1685 479 1750 nimis
495 1694 544 1750 est
557 1685 724 1767 latissima,
739 1686 909 1750 invenitur.

105 1813 137 1859 14
221 1789 375 1857 Secunda
389 1799 433 1854 ut
455 1788 534 1854 hora
555 1789 660 1854 noctis
683 1811 724 1854 ex
745 1797 838 1875 parte,
860 1789 931 1876 ipsa

105 1916 137 1962 ra
175 1893 354 1961 Germania
382 1893 434 1959 vel
462 1893 640 1958 Frixonum
661 1893 852 1958 Dorostates
882 1897 935 1956 est

105 2020 137 2066 rc
174 2000 297 2085 patria,
328 1999 419 2064 ouius
442 2006 517 2082 post
538 2007 631 2084 terga
658 1997 741 2062 infra
761 1995 931 2064 Oceanum
1019 2050 1021 2052 .

105 2121 136 2170 rr
175 2103 302 2168 inseriae
325 2102 540 2166 inveniuntur.

105 2231 137 2277 18
220 2207 333 2271 Tertia
355 2215 393 2290 ut
413 2205 611 2271 hora-noctis
627 2203 792 2270 Saxonum
811 2212 860 2269 est
874 2226 945 2290 pa-¹
980 2247 981 2252 κ

104 2333 137 2378 19
174 2311 249 2391 tria,
274 2309 365 2374 ouius
386 2318 461 2394 post
482 2317 575 2396 terga
596 2309 679 2374 infra
694 2307 862 2374 Oceanum
882 2308 931 2373 ina

102 2435 137 2480 ao
174 2414 266 2480 sulae
287 2413 504 2480 inveniuntur.

103 2538 135 2586 21
222 2515 348 2600 Quarta
364 2527 400 2583 ut
415 2517 494 2582 hora
515 2517 620 2588 noctis
634 2515 931 2610 Northomanorum

176 2707 190 2751 1
211 2705 286 2761 venit}
299 2703 338 2749 vel
351 2705 376 2749 in
389 2703 454 2750 editi.
472 2704 482 2749 ΙΙ
501 2703 645 2764 Aquiloniae
658 2703 723 2750 editt.
768 2704 782 2749 2
802 2704 834 2759 et]
848 2708 890 2749 aut
901 2703 930 2748 A.

176 2779 190 2822 7
220 2774 306 2831 latum]
325 2774 401 2821 altum
419 2776 448 2820 A.
524 2776 540 2822 8
568 2779 663 2820 arctoae
679 2775 796 2834 regiones!
816 2772 931 2820 crotone

172 2847 273 2906 regione
291 2846 335 2892 AB
352 2846 415 2892 editi.
435 2846 445 2891 ΙΙ
464 2845 637 2905 poniturediti.
656 2846 666 2891 ΙΙ
681 2849 877 2905 postponuntur
888 2845 944 2890 AB*

173 2917 234 2964 odd.
252 2915 363 2976 explicit.
457 2918 488 2963 10
517 2917 628 2964 francicis
645 2918 675 2963 A.
763 2917 793 2962 1-1
821 2916 931 2974 superius

174 2989 290 3035 Gemani
317 2993 340 3033 et
366 2987 456 3034 Franci
481 3001 529 3033 non
555 2991 722 3047 memorantur,
750 2987 793 3032 aad
817 2987 932 3032 Britaoia

172 3061 190 3106 9
210 3060 244 3104 10
265 3065 310 3104 eto.
370 3059 402 3104 12
430 3058 555 3104 Britannia
567 3058 631 3104 editi.
694 3059 726 3104 18
755 3052 930 3107 inueniaturA.

176 3131 208 3176 15
236 3129 371 3176 cerostata
384 3130 406 3175 B
418 3128 482 3188 editi,
502 3129 644 3177 Donatum
656 3135 679 3175 et
690 3128 825 3176 Dorertedo
835 3128 930 3172 aurumi.

176 3203 208 3247 17
243 3199 337 3246 insulae
361 3214 406 3246 om.
430 3200 463 3257 B,
486 3205 545 3259 port
563 3201 724 3250 'inveniuntur
746 3204 840 3258 pareret
866 3197 931 3242 editi.

177 3274 209 3320 18
236 3271 315 3318 tercia
323 3272 353 3317 Β.
407 3271 439 3317 21
470 3270 673 3318 norllomauorum
682 3271 711 3328 Δ,
727 3269 932 3316 Nornnannorum

175 3343 241 3390 editi.
