<?xml version="1.0" encoding="UTF-8"?>
<!DOCTYPE html PUBLIC "-//W3C//DTD XHTML 1.0 Transitional//EN"
    "http://www.w3.org/TR/xhtml1/DTD/xhtml1-transitional.dtd">
<html xmlns="http://www.w3.org/1999/xhtml" xml:lang="en" lang="en">
 <head>
  <title>
</title>
<meta http-equiv="Content-Type" content="text/html;charset=utf-8" />
  <meta name='ocr-system' content='tesseract 3.04.00' />
  <meta name='ocr-capabilities' content='ocr_page ocr_carea ocr_par ocr_line ocrx_word'/>
</head>
<body>
  <div class='ocr_page' id='page_1' title='image "./ravennatisanony01ravegoog_0048.png"; bbox 0 0 2464 3896; ppageno 0'>
   <div class='ocr_carea' id='block_1_1' title="bbox 132 294 970 351">
    <p class='ocr_par' dir='ltr' id='par_1_1' title="bbox 132 294 970 351">
     <span class='ocr_line' id='line_1_1' title="bbox 132 294 970 351; baseline 0.007 -6"><span class='ocrx_word' id='word_1_1' title='bbox 132 299 186 346; x_wconf 82' lang='lat' dir='ltr'>ra</span> <span class='ocrx_word' id='word_1_2' title='bbox 935 294 970 351; x_wconf 75' lang='lat' dir='ltr'>la</span> 
     </span>
    </p>
   </div>
   <div class='ocr_carea' id='block_1_2' title="bbox 151 439 968 936">
    <p class='ocr_par' dir='ltr' id='par_1_2' title="bbox 151 439 968 936">
     <span class='ocr_line' id='line_1_2' title="bbox 153 439 968 528; baseline -0.002 -17"><span class='ocrx_word' id='word_1_3' title='bbox 153 470 166 511; x_wconf 91' lang='lat'>1</span> <span class='ocrx_word' id='word_1_4' title='bbox 206 463 363 528; x_wconf 89' lang='lat' dir='ltr'>sponsum</span> <span class='ocrx_word' id='word_1_5' title='bbox 386 439 489 506; x_wconf 87' lang='lat' dir='ltr'>isdem</span> <span class='ocrx_word' id='word_1_6' title='bbox 511 439 698 504; x_wconf 83' lang='lat' dir='ltr'>Alexander</span> <span class='ocrx_word' id='word_1_7' title='bbox 727 439 815 523; x_wconf 91' lang='lat' dir='ltr'>quod</span> <span class='ocrx_word' id='word_1_8' title='bbox 841 443 968 510; x_wconf 85' lang='lat' dir='ltr'>infinita</span> 
     </span>
     <span class='ocr_line' id='line_1_3' title="bbox 152 544 967 632; baseline -0.001 -20"><span class='ocrx_word' id='word_1_9' title='bbox 152 569 167 613; x_wconf 80' lang='lat' dir='ltr'>a</span> <span class='ocrx_word' id='word_1_10' title='bbox 206 545 295 632; x_wconf 89' lang='lat' dir='ltr'>apud</span> <span class='ocrx_word' id='word_1_11' title='bbox 317 545 473 609; x_wconf 90' lang='lat' dir='ltr'>humanos</span> <span class='ocrx_word' id='word_1_12' title='bbox 497 565 628 630; x_wconf 82' lang='lat' dir='ltr'>gressus</span> <span class='ocrx_word' id='word_1_13' title='bbox 651 544 706 608; x_wconf 87' lang='lat' dir='ltr'>illa</span> <span class='ocrx_word' id='word_1_14' title='bbox 722 544 875 610; x_wconf 77' lang='lat' dir='ltr'>existeret</span> <span class='ocrx_word' id='word_1_15' title='bbox 898 567 967 612; x_wconf 90' lang='lat' dir='ltr'>ere-</span> 
     </span>
     <span class='ocr_line' id='line_1_4' title="bbox 152 646 967 733; baseline -0.002 -17"><span class='ocrx_word' id='word_1_16' title='bbox 152 673 167 716; x_wconf 81' lang='lat' dir='ltr'>e</span> <span class='ocrx_word' id='word_1_17' title='bbox 205 672 290 731; x_wconf 90' lang='lat' dir='ltr'>mus,</span> <span class='ocrx_word' id='word_1_18' title='bbox 320 658 354 714; x_wconf 90' lang='lat' dir='ltr'>et</span> <span class='ocrx_word' id='word_1_19' title='bbox 383 647 456 712; x_wconf 89' lang='lat' dir='ltr'>ideo</span> <span class='ocrx_word' id='word_1_20' title='bbox 480 647 573 731; x_wconf 89' lang='lat' dir='ltr'>quasi</span> <span class='ocrx_word' id='word_1_21' title='bbox 594 646 637 712; x_wconf 89' lang='lat' dir='ltr'>ad</span> <span class='ocrx_word' id='word_1_22' title='bbox 664 648 794 733; x_wconf 87' lang='lat' dir='ltr'>propria</span> <span class='ocrx_word' id='word_1_23' title='bbox 821 672 967 714; x_wconf 86' lang='lat' dir='ltr'>remean-</span> 
     </span>
     <span class='ocr_line' id='line_1_5' title="bbox 151 749 964 839; baseline 0 -20"><span class='ocrx_word' id='word_1_24' title='bbox 151 777 167 819; x_wconf 84' lang='lat'>4</span> <span class='ocrx_word' id='word_1_25' title='bbox 206 752 285 818; x_wconf 89' lang='lat' dir='ltr'>dum</span> <span class='ocrx_word' id='word_1_26' title='bbox 309 754 379 839; x_wconf 87' lang='lat' dir='ltr'>ipse</span> <span class='ocrx_word' id='word_1_27' title='bbox 401 750 644 839; x_wconf 80' lang='lat' dir='ltr'>regrediebatur</span> <span class='ocrx_word' id='word_1_28' title='bbox 666 749 863 817; x_wconf 79' lang='lat' dir='ltr'>Alexander.</span> <span class='ocrx_word' id='word_1_29' title='bbox 888 751 964 819; x_wconf 53' lang='lat' dir='ltr'>*sed</span> 
     </span>
     <span class='ocr_line' id='line_1_6' title="bbox 152 853 965 936; baseline -0.005 -10"><span class='ocrx_word' id='word_1_30' title='bbox 152 881 166 926; x_wconf 83' lang='lat'>5</span> <span class='ocrx_word' id='word_1_31' title='bbox 207 867 241 922; x_wconf 87' lang='lat' dir='ltr'>et</span> <span class='ocrx_word' id='word_1_32' title='bbox 269 857 304 922; x_wconf 90' lang='lat' dir='ltr'>in</span> <span class='ocrx_word' id='word_1_33' title='bbox 332 855 445 920; x_wconf 89' lang='lat' dir='ltr'>eodem</span> <span class='ocrx_word' id='word_1_34' title='bbox 475 854 558 920; x_wconf 85' lang='lat' dir='ltr'>libro</span> <span class='ocrx_word' id='word_1_35' title='bbox 589 853 786 936; x_wconf 74' lang='lat' dir='ltr'>Alexandri,</span> <span class='ocrx_word' id='word_1_36' title='bbox 818 854 896 922; x_wconf 89' lang='lat' dir='ltr'>dum</span> <span class='ocrx_word' id='word_1_37' title='bbox 925 857 965 922; x_wconf 91' lang='lat' dir='ltr'>de</span> 
     </span>
    </p>
   </div>
   <div class='ocr_carea' id='block_1_3' title="bbox 152 959 1067 1045">
    <p class='ocr_par' dir='ltr' id='par_1_3' title="bbox 152 959 1067 1045">
     <span class='ocr_line' id='line_1_7' title="bbox 152 959 1067 1045; baseline 0 -19"><span class='ocrx_word' id='word_1_38' title='bbox 152 983 167 1027; x_wconf 81' lang='lat' dir='ltr'>s</span> <span class='ocrx_word' id='word_1_39' title='bbox 206 959 405 1025; x_wconf 81' lang='lat' dir='ltr'>Macedonia</span> <span class='ocrx_word' id='word_1_40' title='bbox 427 959 558 1045; x_wconf 86' lang='lat' dir='ltr'>propria</span> <span class='ocrx_word' id='word_1_41' title='bbox 579 959 680 1024; x_wconf 87' lang='lat' dir='ltr'>movit</span> <span class='ocrx_word' id='word_1_42' title='bbox 695 959 800 1042; x_wconf 81' lang='lat' dir='ltr'>patria</span> <span class='ocrx_word' id='word_1_43' title='bbox 814 960 966 1026; x_wconf 86' lang='lat' dir='ltr'>Darium·</span> <span class='ocrx_word' id='word_1_44' title='bbox 1061 1025 1067 1034; x_wconf 86' lang='grc'><em>,</em></span> 
     </span>
    </p>
   </div>
   <div class='ocr_carea' id='block_1_4' title="bbox 46 1061 1023 2702">
    <p class='ocr_par' dir='ltr' id='par_1_4' title="bbox 46 1061 1023 2702">
     <span class='ocr_line' id='line_1_8' title="bbox 151 1061 1005 1150; baseline -0.001 -20"><span class='ocrx_word' id='word_1_45' title='bbox 151 1087 166 1130; x_wconf 80' lang='lat' dir='ltr'>r</span> <span class='ocrx_word' id='word_1_46' title='bbox 207 1087 279 1148; x_wconf 89' lang='lat' dir='ltr'>que</span> <span class='ocrx_word' id='word_1_47' title='bbox 294 1085 404 1150; x_wconf 85' lang='lat' dir='ltr'>regem</span> <span class='ocrx_word' id='word_1_48' title='bbox 419 1062 593 1128; x_wconf 81' lang='lat' dir='ltr'>Persarum</span> <span class='ocrx_word' id='word_1_49' title='bbox 615 1061 748 1144; x_wconf 83' lang='lat' dir='ltr'>oceidit,</span> <span class='ocrx_word' id='word_1_50' title='bbox 771 1062 888 1128; x_wconf 91' lang='lat' dir='ltr'>deinde</span> <span class='ocrx_word' id='word_1_51' title='bbox 902 1064 966 1129; x_wconf 91' lang='lat' dir='ltr'>Po-</span> <span class='ocrx_word' id='word_1_52' title='bbox 1002 1145 1005 1148; x_wconf 21' lang='grc' dir='ltr'>Ι</span> 
     </span>
     <span class='ocr_line' id='line_1_9' title="bbox 150 1164 965 1253; baseline 0 -19"><span class='ocrx_word' id='word_1_53' title='bbox 150 1190 165 1234; x_wconf 84' lang='lat' dir='ltr'>a</span> <span class='ocrx_word' id='word_1_54' title='bbox 207 1191 279 1232; x_wconf 89' lang='lat' dir='ltr'>rum</span> <span class='ocrx_word' id='word_1_55' title='bbox 292 1190 403 1253; x_wconf 86' lang='lat' dir='ltr'>regem</span> <span class='ocrx_word' id='word_1_56' title='bbox 414 1167 576 1232; x_wconf 81' lang='lat' dir='ltr'>interfecit</span> <span class='ocrx_word' id='word_1_57' title='bbox 586 1164 858 1250; x_wconf 77' lang='lat' dir='ltr'>Indorum,=nullo</span> <span class='ocrx_word' id='word_1_58' title='bbox 868 1167 965 1234; x_wconf 90' lang='lat' dir='ltr'>modo</span> 
     </span>
     <span class='ocr_line' id='line_1_10' title="bbox 150 1269 966 1354; baseline -0.001 -16"><span class='ocrx_word' id='word_1_59' title='bbox 150 1293 164 1338; x_wconf 86' lang='lat'>9</span> <span class='ocrx_word' id='word_1_60' title='bbox 204 1271 369 1336; x_wconf 87' lang='lat' dir='ltr'>invenitur</span> <span class='ocrx_word' id='word_1_61' title='bbox 383 1269 471 1354; x_wconf 88' lang='lat' dir='ltr'>quod</span> <span class='ocrx_word' id='word_1_62' title='bbox 485 1269 672 1335; x_wconf 86' lang='lat' dir='ltr'>Alexander</span> <span class='ocrx_word' id='word_1_63' title='bbox 687 1293 775 1335; x_wconf 89' lang='lat' dir='ltr'>mare</span> <span class='ocrx_word' id='word_1_64' title='bbox 796 1273 966 1337; x_wconf 87' lang='lat' dir='ltr'>transisset</span> 
     </span>
     <span class='ocr_line' id='line_1_11' title="bbox 132 1375 964 1457; baseline -0.001 -17"><span class='ocrx_word' id='word_1_65' title='bbox 132 1397 163 1441; x_wconf 86' lang='grc' dir='ltr'>ιο</span> <span class='ocrx_word' id='word_1_66' title='bbox 204 1375 302 1438; x_wconf 83' lang='lat' dir='ltr'>etsie</span> <span class='ocrx_word' id='word_1_67' title='bbox 317 1395 419 1457; x_wconf 88' lang='lat' dir='ltr'>usque</span> <span class='ocrx_word' id='word_1_68' title='bbox 435 1375 468 1438; x_wconf 92' lang='lat' dir='ltr'>in</span> <span class='ocrx_word' id='word_1_69' title='bbox 485 1396 626 1439; x_wconf 90' lang='lat' dir='ltr'>eremum</span> <span class='ocrx_word' id='word_1_70' title='bbox 642 1397 724 1457; x_wconf 90' lang='lat' dir='ltr'>quae</span> <span class='ocrx_word' id='word_1_71' title='bbox 741 1384 791 1440; x_wconf 88' lang='lat' dir='ltr'>est</span> <span class='ocrx_word' id='word_1_72' title='bbox 805 1383 894 1440; x_wconf 87' lang='lat' dir='ltr'>trans</span> <span class='ocrx_word' id='word_1_73' title='bbox 914 1384 964 1439; x_wconf 87' lang='lat' dir='ltr'>to·</span> 
     </span>
     <span class='ocr_line' id='line_1_12' title="bbox 131 1475 964 1564; baseline -0.002 -20"><span class='ocrx_word' id='word_1_74' title='bbox 131 1501 161 1544; x_wconf 87' lang='lat'>11</span> <span class='ocrx_word' id='word_1_75' title='bbox 204 1487 273 1541; x_wconf 88' lang='lat' dir='ltr'>tam</span> <span class='ocrx_word' id='word_1_76' title='bbox 289 1475 418 1542; x_wconf 90' lang='lat' dir='ltr'>Indiam</span> <span class='ocrx_word' id='word_1_77' title='bbox 429 1476 695 1563; x_wconf 82' lang='lat' dir='ltr'>perambulasset,</span> <span class='ocrx_word' id='word_1_78' title='bbox 713 1478 771 1543; x_wconf 88' lang='lat' dir='ltr'>sed</span> <span class='ocrx_word' id='word_1_79' title='bbox 783 1479 886 1564; x_wconf 82' lang='lat' dir='ltr'>magis</span> <span class='ocrx_word' id='word_1_80' title='bbox 897 1487 964 1542; x_wconf 89' lang='lat' dir='ltr'>tam</span> 
     </span>
     <span class='ocr_line' id='line_1_13' title="bbox 131 1580 963 1667; baseline 0.005 -23"><span class='ocrx_word' id='word_1_81' title='bbox 131 1605 162 1650; x_wconf 79' lang='lat'>12</span> <span class='ocrx_word' id='word_1_82' title='bbox 201 1581 273 1666; x_wconf 90' lang='lat' dir='ltr'>ipse</span> <span class='ocrx_word' id='word_1_83' title='bbox 303 1580 490 1646; x_wconf 87' lang='lat' dir='ltr'>Alexander</span> <span class='ocrx_word' id='word_1_84' title='bbox 519 1603 679 1667; x_wconf 90' lang='lat' dir='ltr'>quamque</span> <span class='ocrx_word' id='word_1_85' title='bbox 715 1583 784 1648; x_wconf 88' lang='lat' dir='ltr'>eius</span> <span class='ocrx_word' id='word_1_86' title='bbox 818 1581 963 1648; x_wconf 85' lang='lat' dir='ltr'>infinitus</span> 
     </span>
     <span class='ocr_line' id='line_1_14' title="bbox 129 1685 1023 1770; baseline 0.001 -22"><span class='ocrx_word' id='word_1_87' title='bbox 129 1709 162 1756; x_wconf 76' lang='lat'>13</span> <span class='ocrx_word' id='word_1_88' title='bbox 203 1685 365 1750; x_wconf 83' lang='lat' dir='ltr'>exereitus</span> <span class='ocrx_word' id='word_1_89' title='bbox 394 1686 519 1768; x_wconf 87' lang='lat' dir='ltr'>equites</span> <span class='ocrx_word' id='word_1_90' title='bbox 547 1685 715 1770; x_wconf 85' lang='lat' dir='ltr'>pedestres</span> <span class='ocrx_word' id='word_1_91' title='bbox 753 1709 827 1751; x_wconf 87' lang='lat' dir='ltr'>eum</span> <span class='ocrx_word' id='word_1_92' title='bbox 858 1687 962 1752; x_wconf 85' lang='lat' dir='ltr'>vectis</span> <span class='ocrx_word' id='word_1_93' title='bbox 1020 1744 1023 1749; x_wconf 91' lang='lat'>.</span> 
     </span>
     <span class='ocr_line' id='line_1_15' title="bbox 46 1787 964 1875; baseline 0.002 -23"><span class='ocrx_word' id='word_1_94' title='bbox 46 1853 49 1858; x_wconf 82' lang='grc'><em>,</em></span> <span class='ocrx_word' id='word_1_95' title='bbox 129 1818 163 1861; x_wconf 81' lang='lat'>14</span> <span class='ocrx_word' id='word_1_96' title='bbox 203 1787 320 1875; x_wconf 86' lang='lat' dir='ltr'>gladiis</span> <span class='ocrx_word' id='word_1_97' title='bbox 351 1789 385 1854; x_wconf 91' lang='lat' dir='ltr'>in</span> <span class='ocrx_word' id='word_1_98' title='bbox 414 1789 478 1855; x_wconf 92' lang='lat' dir='ltr'>illis</span> <span class='ocrx_word' id='word_1_99' title='bbox 516 1789 699 1856; x_wconf 86' lang='lat' dir='ltr'>ambulasse</span> <span class='ocrx_word' id='word_1_100' title='bbox 736 1789 964 1856; x_wconf 86' lang='lat' dir='ltr'>deseribuntur</span> 
     </span>
     <span class='ocr_line' id='line_1_16' title="bbox 129 1892 1014 1978; baseline 0.002 -22"><span class='ocrx_word' id='word_1_101' title='bbox 129 1920 162 1965; x_wconf 73' lang='lat'>15</span> <span class='ocrx_word' id='word_1_102' title='bbox 202 1893 360 1978; x_wconf 85' lang='lat' dir='ltr'>partibus.</span> <span class='ocrx_word' id='word_1_103' title='bbox 399 1893 509 1976; x_wconf 90' lang='lat' dir='ltr'>itaque</span> <span class='ocrx_word' id='word_1_104' title='bbox 534 1893 587 1958; x_wconf 88' lang='lat' dir='ltr'>alii</span> <span class='ocrx_word' id='word_1_105' title='bbox 610 1893 742 1959; x_wconf 78' lang='lat' dir='ltr'>fallaces</span> <span class='ocrx_word' id='word_1_106' title='bbox 764 1892 962 1978; x_wconf 86' lang='lat' dir='ltr'>pseudoeos·</span> <span class='ocrx_word' id='word_1_107' title='bbox 1012 1896 1014 1900; x_wconf 77' lang='grc'>’</span> 
     </span>
     <span class='ocr_line' id='line_1_17' title="bbox 130 1995 960 2083; baseline 0 -22"><span class='ocrx_word' id='word_1_108' title='bbox 130 2023 161 2068; x_wconf 70' lang='grc' dir='ltr'>ιθ</span> <span class='ocrx_word' id='word_1_109' title='bbox 201 1996 373 2083; x_wconf 82' lang='lat' dir='ltr'>mographi</span> <span class='ocrx_word' id='word_1_110' title='bbox 395 1997 540 2082; x_wconf 85' lang='lat' dir='ltr'>praefata</span> <span class='ocrx_word' id='word_1_111' title='bbox 554 1997 697 2079; x_wconf 89' lang='lat' dir='ltr'>flumina,</span> <span class='ocrx_word' id='word_1_112' title='bbox 721 1995 829 2061; x_wconf 89' lang='lat' dir='ltr'>idest</span> <span class='ocrx_word' id='word_1_113' title='bbox 845 1997 960 2083; x_wconf 80' lang='lat' dir='ltr'>Tigrin</span> 
     </span>
     <span class='ocr_line' id='line_1_18' title="bbox 129 2093 962 2186; baseline 0.002 -22"><span class='ocrx_word' id='word_1_114' title='bbox 129 2129 161 2174; x_wconf 73' lang='lat'>17</span> <span class='ocrx_word' id='word_1_115' title='bbox 203 2111 235 2166; x_wconf 85' lang='lat' dir='ltr'>et</span> <span class='ocrx_word' id='word_1_116' title='bbox 246 2101 446 2186; x_wconf 81' lang='lat' dir='ltr'>Euphraten,</span> <span class='ocrx_word' id='word_1_117' title='bbox 463 2123 503 2164; x_wconf 85' lang='lat' dir='ltr'>ex</span> <span class='ocrx_word' id='word_1_118' title='bbox 518 2093 683 2166; x_wconf 85' lang='lat' dir='ltr'>moritibus</span> <span class='ocrx_word' id='word_1_119' title='bbox 698 2099 874 2164; x_wconf 85' lang='lat' dir='ltr'>Armeniae</span> <span class='ocrx_word' id='word_1_120' title='bbox 886 2124 962 2186; x_wconf 90' lang='lat' dir='ltr'>pro·</span> 
     </span>
     <span class='ocr_line' id='line_1_19' title="bbox 128 2204 962 2276; baseline 0 -6"><span class='ocrx_word' id='word_1_121' title='bbox 128 2231 161 2276; x_wconf 77' lang='lat' dir='ltr'>rs</span> <span class='ocrx_word' id='word_1_122' title='bbox 204 2227 351 2270; x_wconf 81' lang='lat' dir='ltr'>cessuros</span> <span class='ocrx_word' id='word_1_123' title='bbox 366 2206 646 2270; x_wconf 83' lang='lat' dir='ltr'>historieaverunt.</span> <span class='ocrx_word' id='word_1_124' title='bbox 677 2204 735 2270; x_wconf 88' lang='lat' dir='ltr'>sed</span> <span class='ocrx_word' id='word_1_125' title='bbox 751 2215 784 2270; x_wconf 89' lang='lat' dir='ltr'>et</span> <span class='ocrx_word' id='word_1_126' title='bbox 798 2205 862 2270; x_wconf 82' lang='lat' dir='ltr'>hoe</span> <span class='ocrx_word' id='word_1_127' title='bbox 877 2204 962 2270; x_wconf 90' lang='lat' dir='ltr'>absit</span> 
     </span>
     <span class='ocr_line' id='line_1_20' title="bbox 128 2309 961 2396; baseline -0.005 -18"><span class='ocrx_word' id='word_1_128' title='bbox 128 2333 160 2378; x_wconf 80' lang='lat'>19</span> <span class='ocrx_word' id='word_1_129' title='bbox 202 2309 289 2393; x_wconf 90' lang='lat' dir='ltr'>quod</span> <span class='ocrx_word' id='word_1_130' title='bbox 312 2310 431 2374; x_wconf 83' lang='lat' dir='ltr'>veritas</span> <span class='ocrx_word' id='word_1_131' title='bbox 455 2309 506 2374; x_wconf 90' lang='lat' dir='ltr'>sit.</span> <span class='ocrx_word' id='word_1_132' title='bbox 545 2332 610 2374; x_wconf 89' lang='lat' dir='ltr'>non</span> <span class='ocrx_word' id='word_1_133' title='bbox 634 2331 710 2396; x_wconf 82' lang='lat' dir='ltr'>ergo</span> <span class='ocrx_word' id='word_1_134' title='bbox 733 2310 768 2373; x_wconf 90' lang='lat' dir='ltr'>in</span> <span class='ocrx_word' id='word_1_135' title='bbox 790 2309 961 2374; x_wconf 88' lang='lat' dir='ltr'>Armenio-</span> 
     </span>
     <span class='ocr_line' id='line_1_21' title="bbox 125 2412 960 2498; baseline -0.005 -16"><span class='ocrx_word' id='word_1_136' title='bbox 125 2437 159 2482; x_wconf 79' lang='lat'>20</span> <span class='ocrx_word' id='word_1_137' title='bbox 200 2437 272 2479; x_wconf 88' lang='lat' dir='ltr'>rum</span> <span class='ocrx_word' id='word_1_138' title='bbox 294 2422 382 2478; x_wconf 87' lang='lat' dir='ltr'>terra</span> <span class='ocrx_word' id='word_1_139' title='bbox 403 2413 457 2478; x_wconf 89' lang='lat' dir='ltr'>ille</span> <span class='ocrx_word' id='word_1_140' title='bbox 474 2412 683 2478; x_wconf 86' lang='lat' dir='ltr'>suavissimus</span> <span class='ocrx_word' id='word_1_141' title='bbox 696 2413 874 2498; x_wconf 87' lang='lat' dir='ltr'>paradisus</span> <span class='ocrx_word' id='word_1_142' title='bbox 889 2437 960 2480; x_wconf 88' lang='lat' dir='ltr'>esse</span> 
     </span>
     <span class='ocr_line' id='line_1_22' title="bbox 125 2515 960 2607; baseline -0.007 -19"><span class='ocrx_word' id='word_1_143' title='bbox 125 2543 157 2588; x_wconf 79' lang='lat'>21</span> <span class='ocrx_word' id='word_1_144' title='bbox 201 2517 392 2583; x_wconf 85' lang='lat' dir='ltr'>ostenditur.</span> <span class='ocrx_word' id='word_1_145' title='bbox 439 2526 471 2582; x_wconf 83' lang='lat' dir='ltr'>e&#39;t</span> <span class='ocrx_word' id='word_1_146' title='bbox 494 2515 654 2601; x_wconf 87' lang='lat' dir='ltr'>quomodo</span> <span class='ocrx_word' id='word_1_147' title='bbox 682 2517 715 2580; x_wconf 92' lang='lat' dir='ltr'>in</span> <span class='ocrx_word' id='word_1_148' title='bbox 739 2515 874 2607; x_wconf 87' lang='lat' dir='ltr'>Oriente</span> <span class='ocrx_word' id='word_1_149' title='bbox 903 2541 960 2604; x_wconf 89' lang='lat' dir='ltr'>pa-</span> 
     </span>
     <span class='ocr_line' id='line_1_23' title="bbox 124 2619 960 2702; baseline -0.006 -11"><span class='ocrx_word' id='word_1_150' title='bbox 124 2646 159 2692; x_wconf 76' lang='lat' dir='ltr'>ea</span> <span class='ocrx_word' id='word_1_151' title='bbox 200 2621 327 2686; x_wconf 87' lang='lat' dir='ltr'>radisus</span> <span class='ocrx_word' id='word_1_152' title='bbox 359 2643 430 2686; x_wconf 89' lang='lat' dir='ltr'>esse</span> <span class='ocrx_word' id='word_1_153' title='bbox 453 2619 662 2702; x_wconf 85' lang='lat' dir='ltr'>adscribitur,</span> <span class='ocrx_word' id='word_1_154' title='bbox 692 2622 720 2685; x_wconf 87' lang='lat' dir='ltr'>si</span> <span class='ocrx_word' id='word_1_155' title='bbox 747 2622 781 2684; x_wconf 90' lang='lat' dir='ltr'>in</span> <span class='ocrx_word' id='word_1_156' title='bbox 804 2621 960 2686; x_wconf 85' lang='lat' dir='ltr'>Armenia</span> 
     </span>
    </p>
   </div>
   <div class='ocr_carea' id='block_1_5' title="bbox 125 2723 960 2811">
    <p class='ocr_par' dir='ltr' id='par_1_5' title="bbox 125 2723 960 2811">
     <span class='ocr_line' id='line_1_24' title="bbox 125 2723 960 2811; baseline -0.001 -21"><span class='ocrx_word' id='word_1_157' title='bbox 125 2752 159 2797; x_wconf 76' lang='lat'>23</span> <span class='ocrx_word' id='word_1_158' title='bbox 202 2749 271 2792; x_wconf 91' lang='lat' dir='ltr'>esse</span> <span class='ocrx_word' id='word_1_159' title='bbox 292 2723 448 2811; x_wconf 85' lang='lat' dir='ltr'>putatur?</span> <span class='ocrx_word' id='word_1_160' title='bbox 472 2725 527 2808; x_wconf 90' lang='lat' dir='ltr'>qui</span> <span class='ocrx_word' id='word_1_161' title='bbox 549 2724 668 2790; x_wconf 89' lang='lat' dir='ltr'>Persae</span> <span class='ocrx_word' id='word_1_162' title='bbox 684 2724 797 2790; x_wconf 89' lang='lat' dir='ltr'>Parthi</span> <span class='ocrx_word' id='word_1_163' title='bbox 821 2749 840 2789; x_wconf 92' lang='lat' dir='ltr'>a</span> <span class='ocrx_word' id='word_1_164' title='bbox 863 2749 960 2810; x_wconf 88' lang='lat' dir='ltr'>super</span> 
     </span>
    </p>
   </div>
   <div class='ocr_carea' id='block_1_6' title="bbox 200 2831 963 3379">
    <p class='ocr_par' dir='ltr' id='par_1_6' title="bbox 200 2831 963 3379">
     <span class='ocr_line' id='line_1_25' title="bbox 203 2831 958 2893; baseline -0.003 -13"><span class='ocrx_word' id='word_1_165' title='bbox 203 2836 217 2879; x_wconf 80' lang='grc'><strong>3</strong></span> <span class='ocrx_word' id='word_1_166' title='bbox 246 2835 321 2893; x_wconf 77' lang='lat' dir='ltr'>qnasi]</span> <span class='ocrx_word' id='word_1_167' title='bbox 346 2831 443 2891; x_wconf 84' lang='lat' dir='ltr'>quidem</span> <span class='ocrx_word' id='word_1_168' title='bbox 462 2832 526 2879; x_wconf 79' lang='lat' dir='ltr'>editi.</span> <span class='ocrx_word' id='word_1_169' title='bbox 616 2835 630 2878; x_wconf 87' lang='grc'><strong>7</strong></span> <span class='ocrx_word' id='word_1_170' title='bbox 660 2834 755 2889; x_wconf 84' lang='lat' dir='ltr'>deinde]</span> <span class='ocrx_word' id='word_1_171' title='bbox 780 2834 875 2880; x_wconf 91' lang='lat' dir='ltr'>demum</span> <span class='ocrx_word' id='word_1_172' title='bbox 894 2833 958 2878; x_wconf 77' lang='lat' dir='ltr'>editi.</span> 
     </span>
     <span class='ocr_line' id='line_1_26' title="bbox 201 2903 959 2965; baseline 0.003 -17"><span class='ocrx_word' id='word_1_173' title='bbox 201 2905 318 2964; x_wconf 82' lang='lat' dir='ltr'>llporrnrn</span> <span class='ocrx_word' id='word_1_174' title='bbox 337 2905 367 2950; x_wconf 88' lang='lat' dir='ltr'>B.</span> <span class='ocrx_word' id='word_1_175' title='bbox 424 2905 455 2949; x_wconf 77' lang='lat'>12</span> <span class='ocrx_word' id='word_1_176' title='bbox 485 2908 612 2963; x_wconf 80' lang='lat' dir='ltr'>quamque}</span> <span class='ocrx_word' id='word_1_177' title='bbox 632 2903 711 2964; x_wconf 81' lang='lat' dir='ltr'><strong><em>cf.31</em></strong></span> <span class='ocrx_word' id='word_1_178' title='bbox 732 2905 756 2965; x_wconf 68' lang='grc'>4,</span> <span class='ocrx_word' id='word_1_179' title='bbox 776 2905 816 2949; x_wconf 87' lang='lat' dir='ltr'>IV</span> <span class='ocrx_word' id='word_1_180' title='bbox 831 2905 874 2949; x_wconf 89' lang='lat'>12.</span> <span class='ocrx_word' id='word_1_181' title='bbox 894 2905 903 2948; x_wconf 96' lang='grc' dir='ltr'>ΙΙ</span> <span class='ocrx_word' id='word_1_182' title='bbox 922 2905 959 2950; x_wconf 90' lang='lat' dir='ltr'>in-</span> 
     </span>
     <span class='ocr_line' id='line_1_27' title="bbox 200 2975 958 3033; baseline -0.003 -11"><span class='ocrx_word' id='word_1_183' title='bbox 200 2977 281 3022; x_wconf 82' lang='lat' dir='ltr'>finitus</span> <span class='ocrx_word' id='word_1_184' title='bbox 299 2977 351 3022; x_wconf 88' lang='lat' dir='ltr'>eius</span> <span class='ocrx_word' id='word_1_185' title='bbox 369 2975 434 3022; x_wconf 81' lang='lat' dir='ltr'>editi.</span> <span class='ocrx_word' id='word_1_186' title='bbox 502 2977 534 3021; x_wconf 89' lang='lat'>14</span> <span class='ocrx_word' id='word_1_187' title='bbox 562 2975 710 3022; x_wconf 84' lang='lat' dir='ltr'>ambulasset</span> <span class='ocrx_word' id='word_1_188' title='bbox 727 2976 756 3020; x_wconf 89' lang='grc' dir='ltr'>Β.</span> <span class='ocrx_word' id='word_1_189' title='bbox 830 2977 861 3021; x_wconf 86' lang='grc'>16</span> <span class='ocrx_word' id='word_1_190' title='bbox 890 2988 958 3033; x_wconf 86' lang='lat' dir='ltr'>prae-</span> 
     </span>
     <span class='ocr_line' id='line_1_28' title="bbox 201 3043 963 3107; baseline -0.008 -15"><span class='ocrx_word' id='word_1_191' title='bbox 201 3048 258 3103; x_wconf 78' lang='lat' dir='ltr'>fata}</span> <span class='ocrx_word' id='word_1_192' title='bbox 277 3045 311 3107; x_wconf 82' lang='lat' dir='ltr'>ef.</span> <span class='ocrx_word' id='word_1_193' title='bbox 330 3047 364 3092; x_wconf 76' lang='lat'>1⁶</span> <span class='ocrx_word' id='word_1_194' title='bbox 385 3047 409 3104; x_wconf 87' lang='lat'>1,</span> <span class='ocrx_word' id='word_1_195' title='bbox 428 3045 468 3091; x_wconf 83' lang='lat' dir='ltr'>ubi</span> <span class='ocrx_word' id='word_1_196' title='bbox 488 3045 583 3092; x_wconf 78' lang='lat' dir='ltr'>laeana.</span> <span class='ocrx_word' id='word_1_197' title='bbox 661 3048 692 3092; x_wconf 87' lang='grc'>17</span> <span class='ocrx_word' id='word_1_198' title='bbox 721 3047 829 3092; x_wconf 86' lang='lat' dir='ltr'>eufraten</span> <span class='ocrx_word' id='word_1_199' title='bbox 848 3046 903 3098; x_wconf 87' lang='lat' dir='ltr'>AB;</span> <span class='ocrx_word' id='word_1_200' title='bbox 924 3043 963 3104; x_wconf 83' lang='lat' dir='ltr'>cf..</span> 
     </span>
     <span class='ocr_line' id='line_1_29' title="bbox 203 3115 958 3178; baseline -0.004 -16"><span class='ocrx_word' id='word_1_201' title='bbox 203 3119 233 3163; x_wconf 88' lang='lat'>20</span> <span class='ocrx_word' id='word_1_202' title='bbox 254 3118 287 3164; x_wconf 87' lang='grc'>12</span> <span class='ocrx_word' id='word_1_203' title='bbox 304 3133 339 3178; x_wconf 77' lang='lat' dir='ltr'>sq.</span> <span class='ocrx_word' id='word_1_204' title='bbox 358 3119 369 3164; x_wconf 84' lang='grc' dir='ltr'>ΙΙ</span> <span class='ocrx_word' id='word_1_205' title='bbox 388 3117 525 3173; x_wconf 82' lang='lat' dir='ltr'>montibus]</span> <span class='ocrx_word' id='word_1_206' title='bbox 547 3117 678 3163; x_wconf 88' lang='lat' dir='ltr'>monilibus</span> <span class='ocrx_word' id='word_1_207' title='bbox 697 3118 726 3162; x_wconf 77' lang='lat' dir='ltr'>A.</span> <span class='ocrx_word' id='word_1_208' title='bbox 814 3118 848 3162; x_wconf 73' lang='lat'>118</span> <span class='ocrx_word' id='word_1_209' title='bbox 878 3115 958 3160; x_wconf 89' lang='lat' dir='ltr'>istori-</span> 
     </span>
     <span class='ocr_line' id='line_1_30' title="bbox 202 3185 957 3250; baseline -0.007 -16"><span class='ocrx_word' id='word_1_210' title='bbox 202 3195 315 3236; x_wconf 85' lang='lat' dir='ltr'>zanerunt</span> <span class='ocrx_word' id='word_1_211' title='bbox 326 3191 355 3244; x_wconf 86' lang='grc' dir='ltr'>Α,</span> <span class='ocrx_word' id='word_1_212' title='bbox 375 3189 567 3250; x_wconf 85' lang='lat' dir='ltr'>ystorieaverunt</span> <span class='ocrx_word' id='word_1_213' title='bbox 578 3188 607 3234; x_wconf 94' lang='lat' dir='ltr'>B.</span> <span class='ocrx_word' id='word_1_214' title='bbox 676 3189 708 3233; x_wconf 78' lang='lat'>23</span> <span class='ocrx_word' id='word_1_215' title='bbox 728 3187 822 3242; x_wconf 87' lang='lat' dir='ltr'>Persae]</span> <span class='ocrx_word' id='word_1_216' title='bbox 835 3199 879 3245; x_wconf 89' lang='lat' dir='ltr'>per</span> <span class='ocrx_word' id='word_1_217' title='bbox 891 3199 915 3231; x_wconf 89' lang='lat' dir='ltr'>se</span> <span class='ocrx_word' id='word_1_218' title='bbox 927 3185 957 3229; x_wconf 93' lang='lat' dir='ltr'>B.</span> 
     </span>
     <span class='ocr_line' id='line_1_31' title="bbox 202 3259 543 3319; baseline 0 -15"><span class='ocrx_word' id='word_1_219' title='bbox 202 3261 211 3304; x_wconf 81' lang='lat' dir='ltr'>u</span> <span class='ocrx_word' id='word_1_220' title='bbox 224 3261 285 3319; x_wconf 85' lang='lat' dir='ltr'>parti</span> <span class='ocrx_word' id='word_1_221' title='bbox 303 3262 332 3306; x_wconf 80' lang='lat' dir='ltr'>A.</span> <span class='ocrx_word' id='word_1_222' title='bbox 352 3260 361 3305; x_wconf 81' lang='lat' dir='ltr'>t</span> <span class='ocrx_word' id='word_1_223' title='bbox 382 3275 397 3306; x_wconf 87' lang='lat' dir='ltr'>a</span> <span class='ocrx_word' id='word_1_224' title='bbox 415 3274 459 3306; x_wconf 84' lang='lat' dir='ltr'>om.</span> <span class='ocrx_word' id='word_1_225' title='bbox 479 3259 543 3305; x_wconf 83' lang='lat' dir='ltr'>editi.</span> 
     </span>
     <span class='ocr_line' id='line_1_32' title="bbox 774 3337 804 3379; baseline 0 -23"><span class='ocrx_word' id='word_1_226' title='bbox 774 3337 804 3379; x_wconf 66' lang='lat'>2⁸</span> 
     </span>
    </p>
   </div>
   <div class='ocr_carea' id='block_1_7' title="bbox 0 0 1236 3896">
    <p class='ocr_par' dir='ltr' id='par_1_7' title="bbox 0 0 1236 3896">
     <span class='ocr_line' id='line_1_33' title="bbox 0 0 1236 3896; baseline 0 2"><span class='ocrx_word' id='word_1_227' title='bbox 0 0 1236 3896; x_wconf 95' lang='lat' dir='ltr'> </span> 
     </span>
    </p>
   </div>
  </div>
 </body>
</html>
