2376 3904
238 335 291 388 ’Β
982 335 1061 383 V30

258 505 272 550 ι
310 503 392 566 quae
425 481 544 548 dieitur
575 479 713 564 Soauza,
746 501 827 564 quae
860 487 892 543 et
925 479 1061 564 antiqua

257 607 273 652 a
311 583 447 672 Scythia
469 611 489 651 a
510 585 654 672 pluiimis
680 582 918 670 cosmographis
947 584 1058 668 appel·

257 712 272 757 a
311 689 406 754 latur.
451 687 610 773 quomodo
632 696 738 752 autem
763 696 818 752 aut
840 669 978 769 qualiter
999 709 1057 770 po·

255 811 273 860 4
309 801 404 857 natur
431 793 503 878 ipsa
530 789 634 856 insula
661 787 776 855 Soanzi
803 786 933 854 Christo
960 787 1058 854 uobis

257 917 271 964 n
309 895 482 960 auxiliante
493 895 639 959 volumus
655 913 809 958 enarrare.
847 890 905 958 sed
915 901 947 955 et
957 913 1058 977 supra

256 1023 271 1068 a
308 997 449 1083 scriptus
482 997 628 1063 Iordanis
661 996 887 1083 sagacissimus
920 995 1057 1061 ehrono-

257 1125 270 1169 ⁷
308 1101 449 1188 graphas
492 1099 645 1184 liquidius
686 1099 726 1164 de
763 1098 875 1164 eadem
908 1098 1060 1182 exposuit

255 1227 271 1274 a
307 1205 422 1270 insula.

255 1330 270 1376 a
349 1307 472 1374 Iterum
500 1308 534 1371 in
562 1307 633 1392 ipso
655 1305 787 1372 Ooean'o
814 1303 1058 1390 septentiionali

239 1433 271 1478 10
307 1411 489 1495 aliquantae
511 1409 633 1475 naulae
655 1409 873 1496 reperiuntur,
902 1405 959 1472 sed
980 1415 1061 1492 post
1106 1404 1112 1410 ’

238 1535 269 1582 11
306 1510 470 1580 Saxonum
492 1513 640 1597 patriam,
662 1536 701 1578 ex
724 1510 840 1596 quibua
859 1533 924 1576 una
937 1508 1061 1596 dieitur

237 1637 270 1684 ia
306 1615 553 1682 Nordostraoha
573 1624 606 1680 et
627 1617 691 1680 alia
711 1615 914 1680 Eustraehia

238 1740 269 1786 ia
348 1719 471 1786 Iterum
493 1729 543 1788 est
563 1719 669 1784 insula
683 1741 764 1803 quae
785 1716 903 1782 dieitur
918 1716 1059 1782 Evania.

237 1845 268 1892 14
348 1822 471 1888 Iterum
493 1833 570 1888 sunt
597 1823 724 1907 inipso
746 1819 879 1889 Oceano
901 1842 982 1905 quae
1008 1818 1061 1884 di-

236 1948 267 1996 15
308 1936 425 1992 eantur

306 2185 318 2229 1
340 2183 457 2242 qnaealt.
470 2198 513 2230 em.
527 2187 555 2231 A.
602 2183 784 2241 eschanna,
803 2181 921 2244 aythiaG.
967 2184 983 2230 3
1015 2197 1059 2229 au·

303 2259 353 2300 tam
371 2268 415 2300 om.
436 2253 460 2302 0.
495 2255 506 2302 ΙΙ
540 2257 594 2312 ant}
612 2260 637 2302 at
653 2253 718 2300 aditi.
790 2255 968 2314 34ponatut
986 2255 1057 2314 ipsa]

303 2324 370 2383 ipsas
387 2330 481 2384 ponunt
497 2325 542 2370 AB
559 2325 625 2374 aditi.
694 2326 712 2369 4
739 2324 819 2372 insula
835 2323 933 2381 Soanai]
961 2324 1058 2372 insulas

303 2396 372 2440 canai
390 2396 442 2453 AB,
469 2387 642 2442 insulaa'canz
660 2394 725 2441 editi.
792 2397 806 2442 5
834 2401 859 2442 et
882 2409 927 2441 om.
945 2395 967 2440 Β
987 2396 1057 2441 editi.

304 2465 319 2510 5
340 2467 354 2510 6
382 2466 596 2525 supraseuptaaa
652 2465 666 2512 6
691 2465 812 2523 Iordanis}
832 2465 921 2512 darae.
935 2465 988 2511 Get.
1002 2466 1058 2512 c.3.

302 2534 312 2580 11
325 2537 512 2595 cosmographus
524 2536 588 2582 aditi.
632 2538 645 2582 7
665 2536 784 2595 disposuit
803 2535 827 2582 0.
869 2537 884 2583 8
899 2542 957 2594 pout
973 2535 1057 2584 insula

304 2603 323 2651 0
339 2605 395 2651 add.
414 2607 443 2654 da
461 2605 590 2665 aliquantis
611 2606 696 2653 inaulia
718 2607 743 2652 iu
761 2607 814 2665 ipao
832 2619 935 2654 occeano
958 2614 1058 2667 septan-

301 2675 398 2722 trionali
416 2677 509 2735 positia,
528 2678 570 2723 aad
586 2682 773 2736 postsaxonnm
784 2678 896 2736 patriam.
953 2677 984 2722 10
1012 2677 1058 2724 ali-

302 2750 418 2804 quantae]
437 2753 493 2793 sunt
511 2747 555 2793 AB
573 2747 638 2794 aditi.
664 2747 674 2794 ΙΙ
699 2747 849 2805 reperiuntur
866 2761 911 2793 om.
923 2748 968 2792 AB
987 2747 1057 2796 aditi.

304 2817 333 2862 11
363 2817 441 2876 patria
459 2817 489 2862 B.
534 2816 544 2864 ΙΙ
582 2823 640 2876 poat
657 2818 759 2876 patriam
778 2819 800 2862 A
818 2817 875 2864 add.
893 2823 949 2864 aunt
965 2818 1056 2876 inante,

300 2887 323 2932 B
341 2887 397 2933 add.
419 2893 475 2933 sunt
497 2889 522 2934 in
544 2888 597 2946 ipao
620 2901 709 2934 ooaano
727 2889 910 2946 septentrionali
928 2887 1058 2947 aliquanta

301 2956 386 3014 insula,
409 2970 492 3004 varum
515 2959 587 3004 etiam
609 2963 634 3004 et
651 2971 776 3004 xaxonum
793 2959 874 3017 patria
891 2965 947 3005 aunt
964 2959 1057 3019 insule,

300 3027 358 3073 aditi
369 3027 425 3074 odd.
442 3034 499 3074 aunt
509 3028 534 3074 in
546 3029 600 3087 ipae
612 3027 708 3075 Oceano
721 3029 902 3088 septentrionali
913 3028 1058 3088 aliquantae

300 3096 400 3144 insulae.
468 3099 499 3144 12
526 3098 716 3154 Nordoatraoha!
729 3093 840 3159 fortusse
856 3099 960 3146 Actania
977 3099 1015 3158 (i.
1037 3115 1058 3148 a.

298 3165 439 3225 Arotauiai)
451 3167 514 3214 Plia
537 3169 546 3214 ΙΙ
566 3168 721 3226 Eustraehial
725 3167 837 3230 fortunae
845 3169 976 3216 Austrania
985 3169 1058 3218 Pla.

301 3239 335 3350 13l
360 3238 466 3352 Eqaonaeipl
489 3239 603 3286 Mevania
624 3239 723 3286 lardan-
745 3239 834 3297 Esaia,
864 3240 994 3288 Mevaniae
1020 3243 1060 3289 in·

298 3320 364 3351 auae
450 3340 456 3352 .
836 3328 838 3332 ·
