<?xml version="1.0" encoding="UTF-8"?>
<!DOCTYPE html PUBLIC "-//W3C//DTD XHTML 1.0 Transitional//EN"
    "http://www.w3.org/TR/xhtml1/DTD/xhtml1-transitional.dtd">
<html xmlns="http://www.w3.org/1999/xhtml" xml:lang="en" lang="en">
 <head>
  <title>
</title>
<meta http-equiv="Content-Type" content="text/html;charset=utf-8" />
  <meta name='ocr-system' content='tesseract 3.04.00' />
  <meta name='ocr-capabilities' content='ocr_page ocr_carea ocr_par ocr_line ocrx_word'/>
</head>
<body>
  <div class='ocr_page' id='page_1' title='image "./ravennatisanony01ravegoog_0577.png"; bbox 0 0 2408 3892; ppageno 0'>
   <div class='ocr_carea' id='block_1_1' title="bbox 291 317 1097 376">
    <p class='ocr_par' dir='ltr' id='par_1_1' title="bbox 291 317 1097 376">
     <span class='ocr_line' id='line_1_1' title="bbox 291 317 1097 376; baseline 0.005 -4"><span class='ocrx_word' id='word_1_1' title='bbox 291 317 343 372; x_wconf 74' lang='lat'>548</span> <span class='ocrx_word' id='word_1_2' title='bbox 932 318 934 324; x_wconf 72' lang='grc'>’</span> <span class='ocrx_word' id='word_1_3' title='bbox 964 338 1041 374; x_wconf 78' lang='lat' dir='ltr'>anno</span> <span class='ocrx_word' id='word_1_4' title='bbox 1059 329 1097 376; x_wconf 82' lang='grc'>111</span> 
     </span>
    </p>
   </div>
   <div class='ocr_carea' id='block_1_2' title="bbox 292 457 1100 1904">
    <p class='ocr_par' dir='ltr' id='par_1_2' title="bbox 292 457 1100 1904">
     <span class='ocr_line' id='line_1_2' title="bbox 312 457 1099 556; baseline 0.005 -22"><span class='ocrx_word' id='word_1_5' title='bbox 312 491 323 534; x_wconf 94' lang='lat'>1</span> <span class='ocrx_word' id='word_1_6' title='bbox 362 469 464 533; x_wconf 82' lang='lat' dir='ltr'>caseis</span> <span class='ocrx_word' id='word_1_7' title='bbox 498 457 661 534; x_wconf 86' lang='lat' dir='ltr'>montibus</span> <span class='ocrx_word' id='word_1_8' title='bbox 696 468 861 556; x_wconf 84' lang='lat' dir='ltr'>egreditur</span> <span class='ocrx_word' id='word_1_9' title='bbox 895 481 928 536; x_wconf 89' lang='lat' dir='ltr'>et</span> <span class='ocrx_word' id='word_1_10' title='bbox 961 471 995 537; x_wconf 90' lang='lat' dir='ltr'>in</span> <span class='ocrx_word' id='word_1_11' title='bbox 1026 496 1099 538; x_wconf 86' lang='lat' dir='ltr'>mare</span> 
     </span>
     <span class='ocr_line' id='line_1_3' title="bbox 310 571 1099 659; baseline 0.004 -21"><span class='ocrx_word' id='word_1_12' title='bbox 310 595 324 638; x_wconf 82' lang='lat' dir='ltr'>a</span> <span class='ocrx_word' id='word_1_13' title='bbox 361 571 449 654; x_wconf 92' lang='lat' dir='ltr'>quod</span> <span class='ocrx_word' id='word_1_14' title='bbox 472 580 522 636; x_wconf 87' lang='lat' dir='ltr'>est</span> <span class='ocrx_word' id='word_1_15' title='bbox 543 595 680 659; x_wconf 81' lang='lat' dir='ltr'>magnus</span> <span class='ocrx_word' id='word_1_16' title='bbox 707 573 797 638; x_wconf 85' lang='lat' dir='ltr'>sinus</span> <span class='ocrx_word' id='word_1_17' title='bbox 820 574 977 640; x_wconf 84' lang='lat' dir='ltr'>Ponticus</span> <span class='ocrx_word' id='word_1_18' title='bbox 999 575 1099 656; x_wconf 84' lang='lat' dir='ltr'>influit,</span> 
     </span>
     <span class='ocr_line' id='line_1_4' title="bbox 310 676 1100 762; baseline 0.003 -20"><span class='ocrx_word' id='word_1_19' title='bbox 310 697 325 742; x_wconf 83' lang='lat' dir='ltr'>a</span> <span class='ocrx_word' id='word_1_20' title='bbox 362 677 446 741; x_wconf 88' lang='lat' dir='ltr'>inter</span> <span class='ocrx_word' id='word_1_21' title='bbox 473 676 587 740; x_wconf 84' lang='lat' dir='ltr'><strong>Asiam</strong></span> <span class='ocrx_word' id='word_1_22' title='bbox 616 687 649 740; x_wconf 91' lang='lat' dir='ltr'>et</span> <span class='ocrx_word' id='word_1_23' title='bbox 676 677 842 762; x_wconf 81' lang='lat' dir='ltr'><strong>Europam</strong></span> <span class='ocrx_word' id='word_1_24' title='bbox 876 677 1032 760; x_wconf 79' lang='lat' dir='ltr'>dividere,</span> <span class='ocrx_word' id='word_1_25' title='bbox 1060 679 1100 743; x_wconf 86' lang='lat' dir='ltr'>di·</span> 
     </span>
     <span class='ocr_line' id='line_1_5' title="bbox 309 777 1100 868; baseline 0.001 -23"><span class='ocrx_word' id='word_1_26' title='bbox 309 801 326 845; x_wconf 79' lang='grc'>4</span> <span class='ocrx_word' id='word_1_27' title='bbox 363 790 472 846; x_wconf 83' lang='lat' dir='ltr'>centes</span> <span class='ocrx_word' id='word_1_28' title='bbox 496 777 677 845; x_wconf 79' lang='lat' dir='ltr'>Caucaseos</span> <span class='ocrx_word' id='word_1_29' title='bbox 703 801 814 845; x_wconf 85' lang='lat' dir='ltr'>seeum</span> <span class='ocrx_word' id='word_1_30' title='bbox 837 778 974 867; x_wconf 85' lang='lat' dir='ltr'>Caspios</span> <span class='ocrx_word' id='word_1_31' title='bbox 996 783 1100 868; x_wconf 88' lang='lat' dir='ltr'>ample·</span> 
     </span>
     <span class='ocr_line' id='line_1_6' title="bbox 311 885 1099 970; baseline 0 -21"><span class='ocrx_word' id='word_1_32' title='bbox 311 905 324 949; x_wconf 79' lang='lat' dir='ltr'>t</span> <span class='ocrx_word' id='word_1_33' title='bbox 362 895 465 966; x_wconf 80' lang='lat' dir='ltr'>ctera,</span> <span class='ocrx_word' id='word_1_34' title='bbox 493 905 673 970; x_wconf 84' lang='lat' dir='ltr'>magnoque</span> <span class='ocrx_word' id='word_1_35' title='bbox 701 885 858 970; x_wconf 84' lang='lat' dir='ltr'>perplexu</span> <span class='ocrx_word' id='word_1_36' title='bbox 887 895 921 950; x_wconf 89' lang='lat' dir='ltr'>et</span> <span class='ocrx_word' id='word_1_37' title='bbox 948 887 1099 951; x_wconf 89' lang='lat' dir='ltr'>intervallo</span> 
     </span>
     <span class='ocr_line' id='line_1_7' title="bbox 310 986 1099 1073; baseline -0.003 -20"><span class='ocrx_word' id='word_1_38' title='bbox 310 1009 324 1053; x_wconf 83' lang='lat'><strong>6</strong></span> <span class='ocrx_word' id='word_1_39' title='bbox 361 988 489 1054; x_wconf 90' lang='lat' dir='ltr'>sibimet</span> <span class='ocrx_word' id='word_1_40' title='bbox 511 986 641 1053; x_wconf 84' lang='lat' dir='ltr'>eosdem</span> <span class='ocrx_word' id='word_1_41' title='bbox 656 986 800 1073; x_wconf 89' lang='lat' dir='ltr'>Ripheos</span> <span class='ocrx_word' id='word_1_42' title='bbox 821 999 950 1055; x_wconf 88' lang='lat' dir='ltr'>montes</span> <span class='ocrx_word' id='word_1_43' title='bbox 964 990 1099 1055; x_wconf 85' lang='lat' dir='ltr'>adunare.</span> 
     </span>
     <span class='ocr_line' id='line_1_8' title="bbox 310 1091 1099 1177; baseline 0.003 -21"><span class='ocrx_word' id='word_1_44' title='bbox 310 1113 324 1156; x_wconf 80' lang='lat' dir='ltr'>r</span> <span class='ocrx_word' id='word_1_45' title='bbox 361 1092 419 1158; x_wconf 87' lang='lat' dir='ltr'>sed</span> <span class='ocrx_word' id='word_1_46' title='bbox 447 1101 484 1157; x_wconf 93' lang='lat' dir='ltr'>ut</span> <span class='ocrx_word' id='word_1_47' title='bbox 511 1091 713 1177; x_wconf 83' lang='lat' dir='ltr'>praedictum</span> <span class='ocrx_word' id='word_1_48' title='bbox 743 1102 809 1174; x_wconf 79' lang='lat' dir='ltr'>est,</span> <span class='ocrx_word' id='word_1_49' title='bbox 843 1093 1025 1158; x_wconf 90' lang='lat' dir='ltr'>omnimodo</span> <span class='ocrx_word' id='word_1_50' title='bbox 1050 1094 1099 1157; x_wconf 80' lang='lat' dir='ltr'>fal·</span> 
     </span>
     <span class='ocr_line' id='line_1_9' title="bbox 309 1195 1098 1282; baseline -0.001 -22"><span class='ocrx_word' id='word_1_51' title='bbox 309 1215 323 1260; x_wconf 83' lang='grc'>8</span> <span class='ocrx_word' id='word_1_52' title='bbox 359 1197 488 1262; x_wconf 89' lang='lat' dir='ltr'>luntur:</span> <span class='ocrx_word' id='word_1_53' title='bbox 511 1219 586 1260; x_wconf 88' lang='lat' dir='ltr'>nam</span> <span class='ocrx_word' id='word_1_54' title='bbox 601 1195 701 1260; x_wconf 83' lang='lat' dir='ltr'>Asiae</span> <span class='ocrx_word' id='word_1_55' title='bbox 723 1195 797 1260; x_wconf 90' lang='lat' dir='ltr'>finis</span> <span class='ocrx_word' id='word_1_56' title='bbox 820 1196 966 1261; x_wconf 84' lang='lat' dir='ltr'>eiusdem</span> <span class='ocrx_word' id='word_1_57' title='bbox 987 1206 1098 1282; x_wconf 86' lang='lat' dir='ltr'>septen-</span> 
     </span>
     <span class='ocr_line' id='line_1_10' title="bbox 309 1299 1096 1386; baseline 0.003 -25"><span class='ocrx_word' id='word_1_58' title='bbox 309 1317 323 1361; x_wconf 85' lang='lat' dir='ltr'>a</span> <span class='ocrx_word' id='word_1_59' title='bbox 360 1301 506 1365; x_wconf 90' lang='lat' dir='ltr'>trionalis</span> <span class='ocrx_word' id='word_1_60' title='bbox 529 1300 644 1386; x_wconf 79' lang='lat' dir='ltr'>plagae</span> <span class='ocrx_word' id='word_1_61' title='bbox 660 1299 781 1363; x_wconf 84' lang='lat' dir='ltr'>Tanais</span> <span class='ocrx_word' id='word_1_62' title='bbox 804 1309 837 1363; x_wconf 91' lang='lat' dir='ltr'>et</span> <span class='ocrx_word' id='word_1_63' title='bbox 851 1299 1000 1364; x_wconf 87' lang='lat' dir='ltr'>Meotida</span> <span class='ocrx_word' id='word_1_64' title='bbox 1018 1300 1096 1385; x_wconf 86' lang='lat' dir='ltr'>palus</span> 
     </span>
     <span class='ocr_line' id='line_1_11' title="bbox 292 1402 1097 1469; baseline 0.004 -5"><span class='ocrx_word' id='word_1_65' title='bbox 292 1421 324 1464; x_wconf 82' lang='lat' dir='ltr'>io</span> <span class='ocrx_word' id='word_1_66' title='bbox 361 1413 420 1469; x_wconf 84' lang='lat' dir='ltr'>est.</span> <span class='ocrx_word' id='word_1_67' title='bbox 460 1404 551 1468; x_wconf 85' lang='lat' dir='ltr'>ouius</span> <span class='ocrx_word' id='word_1_68' title='bbox 565 1404 723 1468; x_wconf 83' lang='lat' dir='ltr'>immensa</span> <span class='ocrx_word' id='word_1_69' title='bbox 738 1402 913 1468; x_wconf 88' lang='lat' dir='ltr'>exundatio</span> <span class='ocrx_word' id='word_1_70' title='bbox 928 1404 962 1467; x_wconf 91' lang='lat' dir='ltr'>in</span> <span class='ocrx_word' id='word_1_71' title='bbox 977 1403 1097 1468; x_wconf 88' lang='lat' dir='ltr'>eundem</span> 
     </span>
     <span class='ocr_line' id='line_1_12' title="bbox 292 1506 1095 1595; baseline 0.002 -27"><span class='ocrx_word' id='word_1_72' title='bbox 292 1525 322 1568; x_wconf 93' lang='lat'>11</span> <span class='ocrx_word' id='word_1_73' title='bbox 360 1531 514 1595; x_wconf 83' lang='lat' dir='ltr'>magnum</span> <span class='ocrx_word' id='word_1_74' title='bbox 543 1507 648 1571; x_wconf 87' lang='lat' dir='ltr'>sinum</span> <span class='ocrx_word' id='word_1_75' title='bbox 675 1506 852 1572; x_wconf 83' lang='lat' dir='ltr'>Ponticum</span> <span class='ocrx_word' id='word_1_76' title='bbox 876 1509 1002 1594; x_wconf 82' lang='lat' dir='ltr'><strong>mergit.</strong></span> <span class='ocrx_word' id='word_1_77' title='bbox 1052 1508 1095 1591; x_wconf 89' lang='lat' dir='ltr'>qui</span> 
     </span>
     <span class='ocr_line' id='line_1_13' title="bbox 293 1609 1096 1698; baseline 0.005 -28"><span class='ocrx_word' id='word_1_78' title='bbox 293 1625 323 1671; x_wconf 80' lang='lat'>12</span> <span class='ocrx_word' id='word_1_79' title='bbox 359 1614 484 1677; x_wconf 80' lang='lat' dir='ltr'>Pontus</span> <span class='ocrx_word' id='word_1_80' title='bbox 501 1609 543 1674; x_wconf 90' lang='lat' dir='ltr'>ad</span> <span class='ocrx_word' id='word_1_81' title='bbox 557 1611 748 1674; x_wconf 74' lang='lat' dir='ltr'>exteriorem</span> <span class='ocrx_word' id='word_1_82' title='bbox 757 1619 883 1695; x_wconf 87' lang='lat' dir='ltr'>partem</span> <span class='ocrx_word' id='word_1_83' title='bbox 892 1634 1096 1698; x_wconf 82' lang='lat' dir='ltr'>permagnum</span> 
     </span>
     <span class='ocr_line' id='line_1_14' title="bbox 292 1713 1097 1804; baseline 0.002 -28"><span class='ocrx_word' id='word_1_84' title='bbox 292 1731 323 1776; x_wconf 82' lang='lat'>13</span> <span class='ocrx_word' id='word_1_85' title='bbox 362 1725 536 1804; x_wconf 85' lang='lat' dir='ltr'>angustum</span> <span class='ocrx_word' id='word_1_86' title='bbox 551 1713 639 1797; x_wconf 90' lang='lat' dir='ltr'>quod</span> <span class='ocrx_word' id='word_1_87' title='bbox 652 1713 777 1778; x_wconf 91' lang='lat' dir='ltr'>Hieron</span> <span class='ocrx_word' id='word_1_88' title='bbox 792 1713 910 1778; x_wconf 85' lang='lat' dir='ltr'>dieitur</span> <span class='ocrx_word' id='word_1_89' title='bbox 924 1717 958 1780; x_wconf 91' lang='lat' dir='ltr'>in</span> <span class='ocrx_word' id='word_1_90' title='bbox 968 1716 1097 1801; x_wconf 88' lang='lat' dir='ltr'>Propon·</span> 
     </span>
     <span class='ocr_line' id='line_1_15' title="bbox 292 1817 1096 1904; baseline 0.004 -25"><span class='ocrx_word' id='word_1_91' title='bbox 292 1834 324 1879; x_wconf 85' lang='lat'>14</span> <span class='ocrx_word' id='word_1_92' title='bbox 359 1820 461 1886; x_wconf 86' lang='lat' dir='ltr'>tidem</span> <span class='ocrx_word' id='word_1_93' title='bbox 488 1817 603 1882; x_wconf 85' lang='lat' dir='ltr'>influit.</span> <span class='ocrx_word' id='word_1_94' title='bbox 652 1817 868 1904; x_wconf 83' lang='lat' dir='ltr'>Propontidos</span> <span class='ocrx_word' id='word_1_95' title='bbox 897 1829 1005 1884; x_wconf 89' lang='lat' dir='ltr'>autem</span> <span class='ocrx_word' id='word_1_96' title='bbox 1030 1819 1096 1884; x_wconf 80' lang='lat' dir='ltr'>infe</span> 
     </span>
    </p>
   </div>
   <div class='ocr_carea' id='block_1_3' title="bbox 290 1923 1098 2529">
    <p class='ocr_par' dir='ltr' id='par_1_3' title="bbox 290 1923 1098 2529">
     <span class='ocr_line' id='line_1_16' title="bbox 292 1923 1098 2010; baseline -0.007 -19"><span class='ocrx_word' id='word_1_97' title='bbox 292 1935 322 1982; x_wconf 80' lang='lat'>15</span> <span class='ocrx_word' id='word_1_98' title='bbox 359 1924 497 1990; x_wconf 85' lang='lat' dir='ltr'>rioribus</span> <span class='ocrx_word' id='word_1_99' title='bbox 521 1923 678 2009; x_wconf 83' lang='lat' dir='ltr'>angustiis</span> <span class='ocrx_word' id='word_1_100' title='bbox 705 1923 877 1986; x_wconf 88' lang='lat' dir='ltr'>terminata</span> <span class='ocrx_word' id='word_1_101' title='bbox 902 1946 939 1987; x_wconf 81' lang='lat' dir='ltr'>os</span> <span class='ocrx_word' id='word_1_102' title='bbox 961 1945 1098 2010; x_wconf 82' lang='lat' dir='ltr'>magnum</span> 
     </span>
     <span class='ocr_line' id='line_1_17' title="bbox 292 2026 1097 2113; baseline -0.007 -19"><span class='ocrx_word' id='word_1_103' title='bbox 292 2037 322 2082; x_wconf 80' lang='lat'>16</span> <span class='ocrx_word' id='word_1_104' title='bbox 360 2052 447 2094; x_wconf 86' lang='lat' dir='ltr'>mare</span> <span class='ocrx_word' id='word_1_105' title='bbox 469 2027 638 2109; x_wconf 86' lang='lat' dir='ltr'>sinumque</span> <span class='ocrx_word' id='word_1_106' title='bbox 659 2027 776 2113; x_wconf 79' lang='lat' dir='ltr'>mergit</span> <span class='ocrx_word' id='word_1_107' title='bbox 798 2026 995 2109; x_wconf 73' lang='lat' dir='ltr'>orientalem,</span> <span class='ocrx_word' id='word_1_108' title='bbox 1019 2026 1097 2090; x_wconf 86' lang='lat' dir='ltr'>euius</span> 
     </span>
     <span class='ocr_line' id='line_1_18' title="bbox 292 2129 1097 2216; baseline -0.009 -17"><span class='ocrx_word' id='word_1_109' title='bbox 292 2143 322 2188; x_wconf 84' lang='lat'>1⁷</span> <span class='ocrx_word' id='word_1_110' title='bbox 359 2133 513 2199; x_wconf 87' lang='lat' dir='ltr'>littoralia</span> <span class='ocrx_word' id='word_1_111' title='bbox 538 2132 619 2195; x_wconf 87' lang='lat' dir='ltr'>fines</span> <span class='ocrx_word' id='word_1_112' title='bbox 647 2129 747 2195; x_wconf 82' lang='lat' dir='ltr'>Asiae</span> <span class='ocrx_word' id='word_1_113' title='bbox 777 2138 852 2194; x_wconf 84' lang='lat' dir='ltr'>sunt</span> <span class='ocrx_word' id='word_1_114' title='bbox 880 2131 1097 2216; x_wconf 85' lang='lat' dir='ltr'>septentriona-</span> 
     </span>
     <span class='ocr_line' id='line_1_19' title="bbox 291 2231 1096 2322; baseline -0.01 -19"><span class='ocrx_word' id='word_1_115' title='bbox 291 2249 323 2294; x_wconf 85' lang='lat'>18</span> <span class='ocrx_word' id='word_1_116' title='bbox 360 2238 435 2302; x_wconf 87' lang='lat' dir='ltr'>liter</span> <span class='ocrx_word' id='word_1_117' title='bbox 457 2259 514 2322; x_wconf 92' lang='lat' dir='ltr'>per</span> <span class='ocrx_word' id='word_1_118' title='bbox 536 2257 593 2298; x_wconf 89' lang='lat' dir='ltr'>ora</span> <span class='ocrx_word' id='word_1_119' title='bbox 614 2234 712 2299; x_wconf 85' lang='lat' dir='ltr'>maria</span> <span class='ocrx_word' id='word_1_120' title='bbox 735 2235 843 2319; x_wconf 83' lang='lat' dir='ltr'>magni</span> <span class='ocrx_word' id='word_1_121' title='bbox 866 2233 1030 2321; x_wconf 84' lang='lat' dir='ltr'>Aegyptii.</span> <span class='ocrx_word' id='word_1_122' title='bbox 1063 2231 1096 2296; x_wconf 87' lang='lat' dir='ltr'>ab</span> 
     </span>
     <span class='ocr_line' id='line_1_20' title="bbox 292 2336 1097 2406; baseline -0.01 1"><span class='ocrx_word' id='word_1_123' title='bbox 292 2353 322 2398; x_wconf 84' lang='lat'>19</span> <span class='ocrx_word' id='word_1_124' title='bbox 360 2363 479 2406; x_wconf 87' lang='lat' dir='ltr'>ooeasu</span> <span class='ocrx_word' id='word_1_125' title='bbox 501 2346 608 2403; x_wconf 89' lang='lat' dir='ltr'>autem</span> <span class='ocrx_word' id='word_1_126' title='bbox 622 2338 723 2402; x_wconf 84' lang='lat' dir='ltr'>Asiae</span> <span class='ocrx_word' id='word_1_127' title='bbox 744 2338 825 2402; x_wconf 88' lang='lat' dir='ltr'>fines</span> <span class='ocrx_word' id='word_1_128' title='bbox 840 2338 932 2402; x_wconf 87' lang='lat' dir='ltr'>iuxta</span> <span class='ocrx_word' id='word_1_129' title='bbox 946 2336 1097 2404; x_wconf 78' lang='lat' dir='ltr'>Oceanum</span> 
     </span>
     <span class='ocr_line' id='line_1_21' title="bbox 290 2439 1098 2529; baseline -0.007 -18"><span class='ocrx_word' id='word_1_130' title='bbox 290 2458 322 2502; x_wconf 82' lang='lat'>20</span> <span class='ocrx_word' id='word_1_131' title='bbox 359 2445 505 2529; x_wconf 82' lang='lat' dir='ltr'>superius</span> <span class='ocrx_word' id='word_1_132' title='bbox 527 2439 721 2506; x_wconf 83' lang='lat' dir='ltr'>memoratae</span> <span class='ocrx_word' id='word_1_133' title='bbox 742 2441 936 2527; x_wconf 87' lang='lat' dir='ltr'>Aethiopiae</span> <span class='ocrx_word' id='word_1_134' title='bbox 957 2443 1098 2528; x_wconf 77' lang='lat' dir='ltr'>Teligito·</span> 
     </span>
    </p>
   </div>
   <div class='ocr_carea' id='block_1_4' title="bbox 394 2637 1067 2702">
    <p class='ocr_par' dir='ltr' id='par_1_4' title="bbox 394 2637 1067 2702">
     <span class='ocr_line' id='line_1_22' title="bbox 394 2637 1067 2702; baseline -0.004 -16"><span class='ocrx_word' id='word_1_135' title='bbox 394 2641 485 2687; x_wconf 81' lang='lat' dir='ltr'>codices</span> <span class='ocrx_word' id='word_1_136' title='bbox 502 2637 551 2702; x_wconf 84' lang='lat' dir='ltr'><em>bsv.</em></span> <span class='ocrx_word' id='word_1_137' title='bbox 803 2639 836 2701; x_wconf 85' lang='lat' dir='ltr'>cf.</span> <span class='ocrx_word' id='word_1_138' title='bbox 849 2641 908 2686; x_wconf 69' lang='lat' dir='ltr'>Itan.</span> <span class='ocrx_word' id='word_1_139' title='bbox 923 2641 975 2687; x_wconf 82' lang='lat'>115</span> <span class='ocrx_word' id='word_1_140' title='bbox 993 2640 1026 2685; x_wconf 82' lang='lat'>13</span> <span class='ocrx_word' id='word_1_141' title='bbox 1036 2654 1067 2698; x_wconf 75' lang='lat' dir='ltr'>aq.</span> 
     </span>
    </p>
   </div>
   <div class='ocr_carea' id='block_1_5' title="bbox 355 2740 1096 3373">
    <p class='ocr_par' dir='ltr' id='par_1_5' title="bbox 355 2740 1096 3373">
     <span class='ocr_line' id='line_1_23' title="bbox 359 2740 1095 2806; baseline -0.007 -13"><span class='ocrx_word' id='word_1_142' title='bbox 359 2749 373 2793; x_wconf 74' lang='lat'><strong>2</strong></span> <span class='ocrx_word' id='word_1_143' title='bbox 401 2761 515 2806; x_wconf 84' lang='lat' dir='ltr'>magnum</span> <span class='ocrx_word' id='word_1_144' title='bbox 538 2745 617 2790; x_wconf 82' lang='lat' dir='ltr'>sinum</span> <span class='ocrx_word' id='word_1_145' title='bbox 639 2745 764 2804; x_wconf 85' lang='lat' dir='ltr'>ponticum</span> <span class='ocrx_word' id='word_1_146' title='bbox 791 2743 826 2806; x_wconf 82' lang='lat' dir='ltr'>bf.</span> <span class='ocrx_word' id='word_1_147' title='bbox 915 2747 931 2792; x_wconf 82' lang='lat'>4</span> <span class='ocrx_word' id='word_1_148' title='bbox 959 2747 1048 2805; x_wconf 83' lang='lat' dir='ltr'>oapsioa</span> <span class='ocrx_word' id='word_1_149' title='bbox 1067 2740 1095 2803; x_wconf 80' lang='lat' dir='ltr'>bf.</span> 
     </span>
     <span class='ocr_line' id='line_1_24' title="bbox 359 2814 1095 2878; baseline -0.011 -14"><span class='ocrx_word' id='word_1_150' title='bbox 359 2821 373 2864; x_wconf 89' lang='grc'><strong>6</strong></span> <span class='ocrx_word' id='word_1_151' title='bbox 401 2819 514 2876; x_wconf 84' lang='lat' dir='ltr'>rhipheos</span> <span class='ocrx_word' id='word_1_152' title='bbox 533 2815 555 2861; x_wconf 85' lang='lat' dir='ltr'>b.</span> <span class='ocrx_word' id='word_1_153' title='bbox 611 2817 624 2860; x_wconf 85' lang='lat'>7</span> <span class='ocrx_word' id='word_1_154' title='bbox 653 2821 690 2862; x_wconf 86' lang='lat' dir='ltr'>sat</span> <span class='ocrx_word' id='word_1_155' title='bbox 701 2814 728 2876; x_wconf 86' lang='lat' dir='ltr'>s.</span> <span class='ocrx_word' id='word_1_156' title='bbox 782 2818 796 2862; x_wconf 77' lang='grc'>9</span> <span class='ocrx_word' id='word_1_157' title='bbox 825 2821 911 2877; x_wconf 81' lang='lat' dir='ltr'>tanays</span> <span class='ocrx_word' id='word_1_158' title='bbox 922 2815 949 2878; x_wconf 87' lang='lat' dir='ltr'>f,</span> <span class='ocrx_word' id='word_1_159' title='bbox 977 2817 1064 2864; x_wconf 82' lang='lat' dir='ltr'>thanais</span> <span class='ocrx_word' id='word_1_160' title='bbox 1078 2829 1095 2858; x_wconf 82' lang='lat' dir='ltr'>v.</span> 
     </span>
     <span class='ocr_line' id='line_1_25' title="bbox 360 2885 1096 2947; baseline -0.008 -12"><span class='ocrx_word' id='word_1_161' title='bbox 360 2891 391 2935; x_wconf 88' lang='lat'>10</span> <span class='ocrx_word' id='word_1_162' title='bbox 411 2889 519 2934; x_wconf 78' lang='lat' dir='ltr'>inmensa</span> <span class='ocrx_word' id='word_1_163' title='bbox 531 2885 556 2947; x_wconf 88' lang='lat' dir='ltr'>f,</span> <span class='ocrx_word' id='word_1_164' title='bbox 576 2887 745 2934; x_wconf 80' lang='lat' dir='ltr'>ininmensab.</span> <span class='ocrx_word' id='word_1_165' title='bbox 773 2888 782 2933; x_wconf 83' lang='lat' dir='ltr'>ll</span> <span class='ocrx_word' id='word_1_166' title='bbox 808 2889 918 2934; x_wconf 87' lang='lat' dir='ltr'>eumdem</span> <span class='ocrx_word' id='word_1_167' title='bbox 931 2888 952 2934; x_wconf 81' lang='lat' dir='ltr'>b.</span> <span class='ocrx_word' id='word_1_168' title='bbox 1003 2889 1030 2933; x_wconf 85' lang='lat' dir='ltr'>la</span> <span class='ocrx_word' id='word_1_169' title='bbox 1048 2885 1096 2931; x_wconf 86' lang='lat' dir='ltr'>Hie-</span> 
     </span>
     <span class='ocr_line' id='line_1_26' title="bbox 357 2955 1095 3020; baseline -0.007 -14"><span class='ocrx_word' id='word_1_170' title='bbox 357 2963 414 3016; x_wconf 80' lang='lat' dir='ltr'>ron}</span> <span class='ocrx_word' id='word_1_171' title='bbox 433 2961 525 3020; x_wconf 87' lang='lat' dir='ltr'>hyeron</span> <span class='ocrx_word' id='word_1_172' title='bbox 538 2955 563 3018; x_wconf 87' lang='lat' dir='ltr'>s,</span> <span class='ocrx_word' id='word_1_173' title='bbox 591 2959 700 3018; x_wconf 86' lang='lat' dir='ltr'>hyehron</span> <span class='ocrx_word' id='word_1_174' title='bbox 714 2957 735 3016; x_wconf 79' lang='lat' dir='ltr'>b,</span> <span class='ocrx_word' id='word_1_175' title='bbox 763 2961 829 3005; x_wconf 87' lang='lat' dir='ltr'>ieron</span> <span class='ocrx_word' id='word_1_176' title='bbox 841 2974 863 3017; x_wconf 80' lang='lat' dir='ltr'>a,</span> <span class='ocrx_word' id='word_1_177' title='bbox 889 2959 941 3006; x_wconf 88' lang='lat' dir='ltr'>lero</span> <span class='ocrx_word' id='word_1_178' title='bbox 959 2957 1060 3005; x_wconf 79' lang='lat' dir='ltr'>Ron38</span> <span class='ocrx_word' id='word_1_179' title='bbox 1076 2958 1095 2998; x_wconf 85' lang='grc'>1.</span> 
     </span>
     <span class='ocr_line' id='line_1_27' title="bbox 360 3027 1094 3090; baseline -0.01 -13"><span class='ocrx_word' id='word_1_180' title='bbox 360 3033 391 3077; x_wconf 83' lang='grc'>13</span> <span class='ocrx_word' id='word_1_181' title='bbox 414 3033 446 3076; x_wconf 81' lang='lat'>14</span> <span class='ocrx_word' id='word_1_182' title='bbox 481 3030 628 3088; x_wconf 82' lang='lat' dir='ltr'>propontide</span> <span class='ocrx_word' id='word_1_183' title='bbox 659 3029 763 3075; x_wconf 88' lang='lat' dir='ltr'>influunt</span> <span class='ocrx_word' id='word_1_184' title='bbox 793 3027 828 3090; x_wconf 83' lang='lat' dir='ltr'>bs.</span> <span class='ocrx_word' id='word_1_185' title='bbox 886 3031 915 3076; x_wconf 81' lang='lat'>15</span> <span class='ocrx_word' id='word_1_186' title='bbox 950 3032 1052 3076; x_wconf 75' lang='lat' dir='ltr'>ominata</span> <span class='ocrx_word' id='word_1_187' title='bbox 1078 3042 1094 3070; x_wconf 77' lang='lat' dir='ltr'>a.</span> 
     </span>
     <span class='ocr_line' id='line_1_28' title="bbox 360 3095 1096 3160; baseline -0.004 -14"><span class='ocrx_word' id='word_1_188' title='bbox 360 3105 390 3147; x_wconf 86' lang='grc'>17</span> <span class='ocrx_word' id='word_1_189' title='bbox 413 3103 444 3147; x_wconf 90' lang='grc'>18</span> <span class='ocrx_word' id='word_1_190' title='bbox 473 3100 700 3159; x_wconf 82' lang='lat' dir='ltr'>septemtrionaliter</span> <span class='ocrx_word' id='word_1_191' title='bbox 717 3115 759 3159; x_wconf 89' lang='lat' dir='ltr'>per</span> <span class='ocrx_word' id='word_1_192' title='bbox 776 3103 836 3146; x_wconf 86' lang='lat' dir='ltr'>hora</span> <span class='ocrx_word' id='word_1_193' title='bbox 856 3101 877 3146; x_wconf 82' lang='lat' dir='ltr'>b.</span> <span class='ocrx_word' id='word_1_194' title='bbox 935 3104 965 3148; x_wconf 89' lang='grc'>18</span> <span class='ocrx_word' id='word_1_195' title='bbox 985 3100 1064 3160; x_wconf 80' lang='lat' dir='ltr'>egipeii</span> <span class='ocrx_word' id='word_1_196' title='bbox 1074 3095 1096 3156; x_wconf 78' lang='lat' dir='ltr'>s.</span> 
     </span>
     <span class='ocr_line' id='line_1_29' title="bbox 360 3169 1096 3232; baseline -0.007 -14"><span class='ocrx_word' id='word_1_197' title='bbox 360 3174 390 3218; x_wconf 82' lang='lat'>19</span> <span class='ocrx_word' id='word_1_198' title='bbox 419 3186 475 3231; x_wconf 83' lang='lat' dir='ltr'>asye</span> <span class='ocrx_word' id='word_1_199' title='bbox 488 3169 513 3231; x_wconf 82' lang='lat' dir='ltr'>f.</span> <span class='ocrx_word' id='word_1_200' title='bbox 542 3172 551 3218; x_wconf 84' lang='lat' dir='ltr'>ll</span> <span class='ocrx_word' id='word_1_201' title='bbox 577 3174 702 3218; x_wconf 85' lang='lat' dir='ltr'>occianum</span> <span class='ocrx_word' id='word_1_202' title='bbox 714 3170 740 3232; x_wconf 81' lang='lat' dir='ltr'>f,</span> <span class='ocrx_word' id='word_1_203' title='bbox 765 3186 894 3218; x_wconf 82' lang='lat' dir='ltr'>occeanum</span> <span class='ocrx_word' id='word_1_204' title='bbox 907 3172 928 3217; x_wconf 79' lang='lat' dir='ltr'>b.</span> <span class='ocrx_word' id='word_1_205' title='bbox 983 3173 1013 3217; x_wconf 79' lang='lat'>20</span> <span class='ocrx_word' id='word_1_206' title='bbox 1031 3170 1096 3216; x_wconf 84' lang='lat' dir='ltr'>ethio·</span> 
     </span>
     <span class='ocr_line' id='line_1_30' title="bbox 355 3241 1094 3303; baseline -0.001 -16"><span class='ocrx_word' id='word_1_207' title='bbox 355 3245 395 3300; x_wconf 85' lang='lat' dir='ltr'>pie</span> <span class='ocrx_word' id='word_1_208' title='bbox 408 3241 434 3303; x_wconf 89' lang='lat' dir='ltr'>s.</span> <span class='ocrx_word' id='word_1_209' title='bbox 484 3244 613 3288; x_wconf 70' lang='lat' dir='ltr'>att-540</span> <span class='ocrx_word' id='word_1_210' title='bbox 635 3244 649 3288; x_wconf 83' lang='lat'><strong>2</strong></span> <span class='ocrx_word' id='word_1_211' title='bbox 669 3242 1013 3302; x_wconf 82' lang='lat' dir='ltr'>Teligitorum—-Aethiopiae</span> <span class='ocrx_word' id='word_1_212' title='bbox 1029 3254 1094 3287; x_wconf 81' lang='lat' dir='ltr'>om.v·</span> 
     </span>
     <span class='ocr_line' id='line_1_31' title="bbox 358 3312 900 3373; baseline 0.007 -17"><span class='ocrx_word' id='word_1_213' title='bbox 358 3313 389 3356; x_wconf 77' lang='lat'>20</span> <span class='ocrx_word' id='word_1_214' title='bbox 409 3312 557 3370; x_wconf 84' lang='lat' dir='ltr'>tegilitorum</span> <span class='ocrx_word' id='word_1_215' title='bbox 574 3313 595 3370; x_wconf 84' lang='lat' dir='ltr'>b,</span> <span class='ocrx_word' id='word_1_216' title='bbox 619 3313 822 3373; x_wconf 79' lang='lat' dir='ltr'>Troglodytorum</span> <span class='ocrx_word' id='word_1_217' title='bbox 840 3315 900 3360; x_wconf 76' lang='lat' dir='ltr'>Rae.</span> 
     </span>
    </p>
   </div>
   <div class='ocr_carea' id='block_1_6' title="bbox 0 0 1208 3892">
    <p class='ocr_par' dir='ltr' id='par_1_6' title="bbox 0 0 1208 3892">
     <span class='ocr_line' id='line_1_32' title="bbox 0 0 1208 3892; baseline 0 0"><span class='ocrx_word' id='word_1_218' title='bbox 0 0 1208 3892; x_wconf 95' lang='lat' dir='ltr'> </span> 
     </span>
    </p>
   </div>
  </div>
 </body>
</html>
