2410 3904
96 363 115 409 n
134 365 162 410 16
877 349 911 406 91

114 532 124 574 1
160 509 245 572 citur
265 507 391 573 Isauria
412 503 658 589 Decapolonsis.
703 504 780 567 item
807 503 913 588 patria

111 633 125 677 s
159 610 312 678 Seleutia.
357 611 436 674 item
464 607 656 692 Pamphylia
684 629 766 690 quae
794 606 913 672 dicitur

113 697 304 802 s'Aspeno.
342 716 420 778 item
441 711 547 798 patria
569 710 682 791 Lusis,
704 709 825 792 Ioniae,
849 708 912 775 Oa-

113 835 127 882 4
159 820 236 884 riso.
286 821 364 883 item
392 817 497 903 patria
523 814 631 896 Lidia,
659 816 785 901 Frigos.
835 815 912 879 item

115 940 127 984 s
161 925 263 1008 patria
278 921 411 988 Pisidia.
449 921 528 984 item
542 919 727 984 Lioaoniae.
761 918 839 982 item
854 941 911 1003 pa-

116 1042 128 1087 s
162 1028 224 1092 tria
244 1027 430 1112 Ephesiana
443 1023 576 1088 Heloro.
604 1023 699 1088 item
720 1023 825 1108 patrio
840 1023 912 1088 Fri·

117 1145 128 1189 7
163 1130 216 1216 gia
238 1127 371 1214 olimpi,
401 1151 441 1193 ex
463 1150 528 1212 qua
549 1126 685 1191 multum
707 1125 857 1190 laudatur
878 1126 913 1190 in

117 1249 130 1293 s
163 1233 320 1297 omnibus.
366 1232 445 1297 item
466 1231 572 1316 patria
599 1252 681 1314 quae
704 1229 823 1295 dicitur
845 1228 913 1296 Ga-

118 1355 130 1398 s
163 1337 249 1418 latia,
272 1337 414 1401 Misoon.
460 1335 537 1399 item
563 1335 668 1419 patria
690 1357 772 1418 quae
795 1333 914 1399 dicitur

105 1457 131 1502 10
164 1439 325 1526 Bithynia.
364 1462 444 1523 quas
460 1437 603 1502 diversas
621 1456 795 1526 mesogeon
811 1436 913 1503 Grae-

105 1559 130 1603 11
166 1565 272 1608 corum
294 1543 416 1628 patrias
439 1541 533 1606 multi
548 1540 788 1627 descripserunt
806 1542 913 1627 philo·

107 1660 133 1706 n
166 1648 270 1733 sophi,
306 1670 347 1712 ox
374 1645 491 1731 quibus
521 1667 582 1731 ego
608 1646 673 1733 legi
700 1645 914 1710 Iambliohum

107 1765 133 1811 rs
166 1759 257 1834 atque
285 1751 423 1838 Pyriton
452 1757 485 1813 et
513 1750 665 1838 miserum
699 1749 921 1835 Porphyrium

108 1865 134 1910 n
167 1852 363 1920 Graecorum
390 1852 598 1939 philosophos
622 1850 765 1918 Orientis
794 1852 921 1917 deseri..

108 1969 133 2017 lt
165 1967 287 2042 ptores,
317 1957 375 2023 sed
407 1966 440 2022 et
472 1957 619 2042 superius
647 1954 771 2021 dictum
800 1953 915 2021 Casto—

109 2077 134 2122 11
166 2061 245 2126 rium
276 2061 497 2127 Romanorum
529 2059 806 2146 cosmographum.
857 2058 916 2124 sed

109 2181 134 2226 tt
168 2187 228 2228 non
249 2167 312 2251 ipsi
328 2164 516 2249 aequaliter,
541 2163 623 2228 alius
638 2185 715 2227 vero
731 2163 794 2228 alio
808 2162 914 2228 modo.

109 2283 135 2330 n
170 2290 225 2355 ego
246 2278 355 2334 autem
378 2266 557 2334 secundum
573 2265 767 2348 Castorim,
790 2270 846 2351 qui
867 2269 916 2332 in-

172 2501 292 2548 lIzsuris
311 2501 375 2548 editi.
395 2501 404 2546 ΙΙ
424 2500 527 2560 patriam
545 2499 669 2547 seleutiam
687 2497 738 2546 AB.
818 2501 832 2546 2
857 2515 916 2560 pon·

169 2571 246 2632 phylii
264 2573 293 2629 B,
313 2571 421 2632 pamfilio
438 2573 466 2629 A,
486 2570 621 2630 Pamphilio
639 2569 704 2617 editi.
787 2571 801 2617 8
823 2569 917 2630 Aspen·

169 2643 209 2689 dus
226 2644 283 2690 orbs
305 2639 461 2703 Pamphyliae
484 2641 511 2687 11
528 2642 569 2687 18.
597 2642 607 2687 ΙΙ
639 2643 741 2701 patriam
766 2641 810 2688 AB
834 2641 871 2688 hic
894 2649 917 2688 et

168 2712 237 2774 infra„
266 2715 282 2760 s
301 2713 368 2761 lussa
386 2715 414 2774 A,
433 2709 528 2772 Lycia?
575 2711 591 2757 4
619 2711 686 2772 lidya
704 2713 733 2771 B,
753 2712 831 2773 Lydia
849 2712 914 2758 editi.

168 2785 176 2829 11
184 2785 287 2846 Phryges
306 2784 371 2830 editi.
456 2784 470 2830 6
500 2783 624 2842 pissidiam
643 2783 699 2841 AB,
727 2781 830 2829 Pissidia
848 2783 916 2840 editt·

167 2854 231 2916 infra
240 2855 354 2903 Pisidiae.
373 2855 383 2900 ΙΙ
400 2853 524 2913 Lycaonis
536 2853 599 2899 editi.
650 2855 664 2900 6
694 2854 847 2913 ephesianam
865 2853 931 2901 An·

166 2927 276 2986 trigiam
289 2927 341 2982 AB,
362 2925 542 2984 Phrygiaediti.
585 2923 718 2985 701ympi
731 2925 795 2971 editi.
838 2925 918 2971 9Μί-

167 3011 221 3044 scon
240 2998 305 3054 editi,
323 2992 420 3056 Mysia?
458 2997 488 3042 10
516 2995 629 3054 bythinia
645 2995 698 3041 AB.
717 2996 727 3041 tt
744 3009 870 3055 mesegeon
883 2995 918 3051 B,-

166 3067 243 3129 cs.90
263 3071 288 3114 9.
346 3069 376 3113 11
404 3065 488 3123 multi]
501 3065 590 3112 multas
599 3067 649 3123 AB,
669 3065 757 3113 multas
771 3066 839 3112 multi
853 3066 917 3112 editi.

168 3141 197 3185 12
225 3137 365 3186 {amblicum
384 3137 405 3182 A
424 3137 488 3183 editt.
570 3138 601 3183 13
630 3150 690 3197 aque
708 3138 738 3188 Β.
767 3137 776 3182 ΙΙ
802 3136 918 3196 Pyrithon

166 3210 227 3256 editi.
247 3211 257 3256 ΙΙ
278 3209 403 3269 porfirium
422 3209 472 3254 AB.
529 3209 561 3253 14
589 3206 734 3254 Graecorum
746 3206 917 3267 philosophos}

166 3279 251 3341 ph'yos
270 3293 410 3340 graecorum
428 3279 457 3324 A.
545 3279 575 3324 16
604 3279 791 3340 cosmographus
809 3277 838 3335 A,
867 3290 919 3323 oos-

165 3352 323 3412 mogrophum
342 3349 372 3396 B.
446 3351 477 3395 17
506 3350 557 3409 ipso
575 3350 627 3395 AB.
