2378 3902
291 373 345 426 Ὠ
1011 355 1083 404 Nih

313 545 323 586 1
395 515 450 585 a
494 515 615 580 Iterum
643 513 819 598 propinqua
846 507 944 593 ipsius
971 501 1087 566 Turin-

311 645 326 688 s
365 624 440 709 giae
462 619 634 686 ascribitur
653 616 757 701 patria
770 611 955 689 Suavorum,
976 612 1088 690 quaest

311 749 326 792 e
363 727 594 791 Alamanorum
615 719 719 805 patria
742 713 904 781 confinalis
920 711 1019 776 existit
1031 707 1091 771 lta-

311 851 327 894 1
362 831 435 894 liae.
481 849 577 911 quam
589 825 818 888 Alamanorum
832 816 963 903 patriam
976 810 1092 900 plurimi

313 954 327 998 o
369 932 610 1017 descripserunt
629 923 822 1012 philosophi,
851 945 890 986 ex
911 917 1018 1003 quibus
1037 935 1093 999 ego

313 1057 328 1102 s
365 1039 430 1124 legi
459 1032 716 1121 praenominatos
744 1023 922 1090 Anaridum
951 1031 981 1086 et
1005 1016 1095 1084 Illde-

314 1159 328 1204 1
367 1139 500 1205 baldum
516 1135 698 1203 Gothorum
713 1128 929 1216 philosophos.
970 1122 1096 1190 sednon

313 1263 329 1308 8
365 1243 542 1327 aequaliter
569 1237 745 1324 praefatam
780 1231 1019 1318 designaverimt
1042 1245 1096 1308 pa-

313 1365 328 1409 o
364 1348 476 1426 triam,
505 1342 564 1409 sed
591 1342 673 1406 alius
697 1337 778 1402 dixit
799 1337 906 1416 aliter,
931 1333 1007 1398 alius
1027 1348 1097 1391 vero

297 1467 328 1512 1⁰
365 1451 428 1515 alio
451 1447 557 1514 modo.
602 1467 663 1531 ego
695 1452 801 1506 autem
823 1436 996 1505 seeundum
1014 1453 1098 1518 prae-

297 1569 327 1614 11
365 1553 468 1617 iatum
499 1547 680 1615 Anaridum
706 1544 962 1630 praenominatae
987 1536 1099 1624 patriae

296 1671 328 1718 1²
365 1656 512 1720 eivitates
534 1651 705 1717 nominavi.
750 1650 783 1712 in
805 1671 869 1732 qua
888 1644 991 1731 patria
1009 1638 1100 1726 pluri-

297 1775 328 1820 18
366 1781 434 1824 mas
456 1759 555 1823 {uisse
578 1754 724 1818 civitates
747 1753 900 1839 legimus,
929 1772 968 1813 ex
994 1743 1100 1830 quibus

298 1879 329 1924 14
364 1863 545 1946 aliquantas
567 1857 736 1943 designare
758 1856 915 1935 volumno,
936 1852 970 1918 id
993 1859 1038 1915 est

298 1981 328 2028 15
514 1963 659 2050 Ligonas

298 2083 328 2130 16
513 2065 670 2150 Bizantiav

298 2186 328 2230 17
515 2169 642 2233 Nautes

297 2288 328 2334 18
516 2269 708 2336 Mandroda.

297 2391 328 2436 19
409 2376 492 2441 Item
515 2378 605 2440 iuxta
620 2397 716 2458 supra
732 2373 887 2458 scriptum
904 2370 1033 2434 fluvium
1048 2365 1102 2430 Re·

296 2494 328 2540 20
366 2503 443 2544 num
467 2491 542 2544 sunt
563 2478 719 2564 plurimae
743 2478 900 2556 civitatee,
921 2473 956 2539 id
978 2481 1027 2538 est

366 2645 395 2688 de
414 2643 492 2701 patria
510 2653 637 2687 suavorum
656 2653 717 2698 quau
735 2645 760 2685 et
777 2638 957 2685 alamannorum
975 2641 1012 2682 est
1028 2632 1102 2694 patria

369 2714 379 2758 1
400 2713 532 2772 turrIngine
543 2711 572 2768 A,
591 2711 691 2770 turrigie
703 2711 734 2767 Β,
753 2710 882 2768 Turingiaa
894 2707 959 2754 editi.
1014 2707 1027 2752 6
1045 2713 1104 2763 prae·

365 2784 428 2830 fatos
449 2781 472 2829 G.
496 2783 506 2828 ΙΙ
526 2783 660 2828 aunarium
678 2781 730 2838 AB,
749 2780 810 2826 olibi
826 2779 1008 2834 Athanaridum
1030 2773 1102 2822 Aitha-

358 2853 475 2899 muridum
493 2859 537 2898 ato.
565 2852 574 2898 ΙΙ
600 2858 624 2898 et
642 2866 686 2897 om.
707 2849 732 2897 0.
787 2849 929 2909 Sequalter
946 2849 977 2894 B.
1031 2841 1101 2895 used}

366 2925 408 2970 sed
426 2930 451 2969 et
468 2925 512 2969 AB
530 2923 594 2968 editi.
658 2923 688 2968 10
716 2923 851 2980 praefatum
869 2935 914 2966 om.
936 2919 960 2966 0.
1020 2917 1049 2964 15
1070 2912 1103 2958 111·

366 2997 455 3053 gonasl
475 3009 506 3039 an
524 2994 645 3052 Lingones
664 2987 916 3051 (Andomatunnum]?
976 2989 1007 3036 16
1034 2987 1102 3033 binan-

366 3065 404 3111 oia
418 3063 442 3120 C,
461 3064 574 3110 Bizuntia
586 3064 650 3120 editi,
664 3063 881 3118 Visontionem,
899 3060 1029 3106 Vesontine
1044 3049 1103 3102 Tol-l

368 3137 398 3181 17
418 3134 522 3190 Nautes}
542 3134 694 3192 „Nantuates
710 3133 819 3192 intellige
837 3132 876 3178 vel
894 3131 1011 3178 Nasium
1029 3121 1102 3176 Porcl-

368 3207 400 3251 18
418 3203 561 3262 Mandroda]
574 3205 795 3263 Epamanduoduro
804 3204 869 3260 Ant,
879 3202 1039 3261 Epomauduo
1050 3193 1102 3244 lab-3

365 3275 435 3322 lodis
452 3275 591 3321 Mandema.
639 3277 669 3320 19
689 3275 848 3334 prescriptum
868 3272 893 3319 C.
920 3274 930 3320 ΙΙ
957 3273 1052 3318 fluvium
1067 3277 1102 3311 ⁰²¹²·

368 3344 468 3390 Gedru.
522 3347 555 3391 20
572 3345 691 3404 plurimae
707 3359 753 3390 on.
771 3345 816 3391 AB
834 3344 899 3390 editi.
