2464 3896
272 280 304 330 18
1049 281 1064 328 Ι
1086 285 1108 330 'a'

288 447 300 492 1
338 425 407 490 eius
443 421 618 490 adventum
653 422 859 490 custodiebat
898 424 1106 511 paradisum,

216 600 218 604 ,
286 549 301 595 a
338 527 468 611 quando
490 527 586 592 homo
610 527 828 613 corruptibilis
845 529 1015 595 earnaliter
1035 553 1106 616 po-

287 655 301 700 s
337 632 401 698 tuit
415 632 449 697 in
464 632 571 718 ipsum
585 630 713 718 ingredi
727 629 935 716 paradisum?
958 655 1018 698 nos
1027 657 1104 700 non

286 758 303 803 4
338 734 475 800 dicimus
498 733 586 820 quod
599 734 768 817 iustorum,
792 757 928 818 quorum
943 735 1022 802 deus
1046 739 1105 804 iu-

216 862 301 979 ‘o
339 839 409 922 bet,
434 839 558 904 animae
580 861 647 903 non
667 837 891 925 ingrediantur
911 841 946 904 in
967 841 1103 926 paradi-

287 964 301 1009 6
339 965 428 1026 sum,
457 944 544 1008 siout
566 939 725 1008 eredimus
747 942 833 1008 illius
859 943 993 1010 latronis
1014 943 1103 1010 fide-

288 1068 300 1114 7
337 1047 463 1128 lissimi,
486 1045 530 1111 ad
550 1069 647 1130 quem
661 1047 706 1110 ait
722 1044 872 1122 Christus
889 1046 969 1112 deus
984 1035 1102 1114 noster

285 1171 301 1218 8
338 1150 553 1236 omnipotens,
573 1151 630 1234 qui
656 1149 880 1216 tantummodo
907 1173 1002 1216 carne
1022 1174 1102 1218 oru-

288 1276 302 1320 o
339 1256 453 1320 oifixus
477 1264 542 1338 ost,
569 1253 664 1318 hodie
693 1276 821 1318 monum
849 1256 912 1342 eris
938 1257 972 1321 in
1001 1279 1101 1343 para-

271 1379 302 1425 10
339 1358 433 1438 dis03¹
455 1357 514 1424 sed
542 1357 680 1423 dicimus
706 1358 799 1442 quia,
828 1359 856 1424 si
884 1382 925 1424 ex
951 1363 1101 1446 puocatis

271 1484 301 1528 11
339 1463 446 1528 anima
467 1463 649 1548 peooatoris
673 1460 858 1540 omnimodo
880 1463 1007 1550 ingredi
1020 1487 1101 1550 pro-

271 1587 301 1631 12
338 1564 469 1630 hibetur
490 1566 524 1630 in
547 1565 745 1650 paradisum,
768 1575 889 1650 quanto
912 1570 1016 1656 magis
1038 1592 1100 1634 au·

271 1691 302 1738 13
338 1678 405 1738 tem
429 1693 448 1734 a
469 1678 597 1734 terreno
620 1670 711 1735 missi
739 1669 869 1734 domino
898 1680 954 1736 aut
980 1682 1098 1758 sponte

272 1764 303 1844 1⁵4
338 1773 435 1838 homo
457 1782 611 1859 peccator
634 1761 846 1858 corporaliter
859 1774 1099 1842 ambulansdei

271 1902 302 1947 15
338 1879 430 1944 iussu
452 1879 559 1964 ipsum
585 1876 713 1964 ingredi
740 1876 950 1962 prohibeatur
978 1881 1012 1944 in
1037 1903 1098 1966 pa-

271 2009 316 2054 1o
338 1981 492 2048 radisum.

271 2113 302 2158 17
373 2085 406 2154 8.
450 2087 608 2172 Legimus
631 2084 750 2149 etenim
771 2085 862 2150 illurn
877 2106 1031 2172 magnum
1044 2109 1098 2152 re-

271 2216 303 2261 18
340 2213 414 2277 gem
436 2187 656 2254 Macedonum
677 2187 912 2272 Alexandrum,
939 2189 1016 2254 dum
1037 2214 1099 2276 por

272 2319 302 2364 19
340 2291 596 2358 Transindorum
634 2292 771 2378 patriam
805 2315 948 2358 eremum
980 2293 1100 2361 diebus

271 2421 303 2466 20
339 2395 594 2482 perambulasset
609 2397 767 2484 plurimis,
783 2421 848 2462 non
864 2397 968 2462 solum
980 2423 999 2463 a
1010 2397 1100 2464 Stoi-

271 2528 301 2573 21
341 2503 395 2566 ois-
411 2524 451 2566 ex
473 2499 628 2566 Indorum
650 2523 768 2587 genere
790 2500 974 2566 hominibus
990 2501 1048 2566 sed
1064 2513 1099 2568 at

271 2631 303 2676 na
341 2605 612 2688 adaemonibus,
640 2605 695 2688 qui
726 2606 824 2669 etiam
853 2605 1000 2670 nolentes
1021 2629 1099 2690 pro-

271 2737 303 2783 23
339 2712 422 2774 ferre
454 2711 623 2775 veritatem
651 2718 688 2784 ut
710 2709 866 2790 assolent,
894 2709 1020 2792 accepit
1045 2731 1099 2772 re·

343 2977 354 3020 1
380 2977 498 3021 adventus
517 2975 582 3020 odiri.
628 2975 642 3019 3
666 2975 690 3019 in
709 2989 754 3020 om.
773 2975 837 3020 editi.
876 2973 890 3019 5
913 2985 963 3018 non
975 2987 1020 3019 om.
1030 2973 1096 3020 editi.

339 3047 348 3090 ΙΙ
361 3047 472 3104 paradiso
490 3047 519 3091 A.
584 3047 597 3090 9
626 3045 706 3101 hodie]
725 3045 783 3090 Luc.
804 3045 838 3091 23
856 3044 898 3089 4³.
956 3045 987 3089 10
1015 3050 1052 3090 set
1067 3048 1096 3091 A.

298 3145 301 3150 ·
339 3117 573 3176 llquiasilquasiB.
617 3112 763 3174 15'ipsum]
774 3118 798 3162 in
809 3116 949 3177 ipsumAB.
992 3115 1023 3160 18
1053 3130 1098 3174 per

340 3203 384 3232 om.
398 3189 461 3233 editi.
520 3189 551 3233 19
580 3187 763 3246 transyndorum
781 3190 810 3233 Α.
866 3185 899 3232 22
927 3185 1045 3232 uellentes
1064 3187 1096 3232 B.

340 3259 372 3304 23
400 3259 488 3305 assolet
506 3261 553 3304 A..
