2358 3906
291 341 346 397 Μ
1017 347 1089 393 thi

312 517 326 560 1
513 490 631 556 Parma

311 615 327 662 2
512 593 700 676 Ennomus,
729 595 784 678 qui
811 603 946 660 currunt
972 595 1008 661 de
1031 597 1090 681 ipso

312 723 327 768 s
363 694 456 762 Pado
488 698 522 762 in
551 722 638 763 mare
669 721 822 784 magnum
850 697 994 764 lonicum
1020 697 1092 783 quod

311 827 329 874 t
364 799 569 867 Adriaticum
602 802 736 867 dicitur:
771 801 830 866 sed
862 803 1012 887 plurimus
1037 804 1092 867 eius

312 935 328 982 5
363 905 455 968 iuxta
475 907 637 970 civitatem
652 905 840 971 Ravennam
861 907 895 970 in
913 906 1092 993 praedictum

313 1038 328 1084 s
364 1032 452 1073 mare
473 1033 626 1097 magnum
647 1008 837 1096 ingreditur.

313 1141 328 1187 7
407 1111 449 1177 In
470 1115 636 1199 provincia
657 1123 764 1178 autem
786 1135 883 1197 quam
897 1113 1093 1199 praediximus

312 1245 329 1290 a
365 1215 575 1282 Venetiamm
595 1219 775 1304 pertinente
797 1241 838 1281 ex
851 1216 948 1283 Italia
969 1226 1039 1283 sunt
1057 1215 1094 1279 di-

313 1349 328 1394 2
365 1343 459 1386 versa
479 1321 621 1404 flumina,
642 1322 726 1386 inter
747 1329 853 1386 cetera
868 1343 950 1405 quae
966 1321 1095 1387 dicuntur

297 1453 329 1499 ιο
515 1423 640 1490 Retron
655 1425 743 1510 quod
756 1423 934 1492 Redenovo
949 1424 1096 1492 dicebatur

296 1559 327 1602 11
515 1529 643 1617 Astago

297 1661 329 1708 12
515 1633 631 1698 Brinta

297 1768 329 1812 1³
515 1735 582 1804 Sile

298 1873 330 1916 14
516 1841 691 1929 Liguentia

298 1975 329 2020 15
517 1945 617 2011 Plnve

299 2079 330 2124 ιε
516 2050 763 2115 Taliamentum.

369 2205 381 2248 l
410 2203 507 2257 Parma]
525 2203 550 2248 fl.
569 2203 644 2249 Paula
664 2203 728 2260 Tot„
755 2217 817 2248 nunc
833 2202 928 2248 Parma.
995 2204 1008 2248 2
1034 2200 1098 2246 encie-

366 2287 420 2318 mus
443 2272 467 2330 C,
495 2287 557 2318 aune
577 2274 646 2320 Enza
667 2276 715 2320 sive
736 2273 824 2320 Lenze.
897 2276 912 2320 3
940 2272 1006 2320 Pedo
1028 2267 1098 2318 oculi
1161 2279 1162 2290 ³

366 2343 432 2390 editi.
487 2345 500 2389 5
520 2343 590 2390 iuxta
607 2358 652 2390 om.
666 2344 763 2392 Rediti.
790 2344 800 2390 ll
825 2358 929 2391 ravenne
947 2344 976 2390 A.
1027 2344 1098 2399 apost

367 2413 501 2472 ingreditur
520 2413 543 2461 0.
569 2415 625 2460 add.
653 2417 682 2461 de
701 2415 840 2461 fluminibus
866 2415 987 2474 provintie
1009 2411 1097 2459 venetis·
1160 2447 1161 2454 ,

365 2499 419 2530 rum
439 2498 472 2530 ex
488 2485 566 2545 ytalia
582 2487 725 2546 pertinente.
797 2489 812 2532 8
835 2491 894 2544 post
911 2491 968 2532 sunt
994 2486 1035 2530 AB
1054 2481 1098 2528 editi
1160 2485 1161 2492 ³

365 2555 422 2601 odd.
440 2569 472 2601 ex
490 2556 566 2604 italia.
585 2558 595 2603 ΙΙ
620 2557 715 2603 diversa
733 2571 777 2603 om.
798 2555 822 2603 0.
881 2557 913 2602 10
940 2555 1038 2612 Retron]
1054 2556 1067 2598 t.
1082 2563 1097 2595 t·

365 2623 495 2696 ῥεῖθρον,
523 2643 572 2673 aaa
594 2642 623 2672 ec
639 2626 719 2688 fossis
740 2641 800 2688 quae
821 2633 876 2672 suot
899 2629 963 2673 ieter
979 2627 1061 2674 Pedum
1080 2626 1097 2666 et

364 2695 485 2744 Athesin?
511 2699 521 2743 tl
547 2699 612 2757 quod
629 2699 759 2744 Redenoro
779 2699 904 2744 dicebatur
925 2712 972 2744 om.
990 2698 1031 2743 AB
1046 2693 1097 2740 editi.
1159 2693 1160 2704 ¹

369 2771 398 2814 ll
427 2768 532 2828 Astagol
554 2772 570 2816 i.
590 2783 610 2815 e.
632 2768 719 2828 Atagis
742 2771 790 2815 eive
811 2768 920 2825 Athesis,
947 2783 1008 2814 nuce
1027 2766 1098 2822 trige-

369 2841 400 2886 12
420 2840 515 2896 Brinta}
535 2839 558 2885 fl.
573 2840 693 2886 Brintesia
705 2839 769 2897 raa,
781 2854 843 2885 enac
856 2840 952 2886 Brenta.
1003 2839 1031 2885 13
1048 2835 1097 2886 silet
1158 2871 1159 2882 ,

367 2911 392 2956 fl.
403 2909 507 2957 Silarum
521 2911 584 2968 rae,
599 2909 655 2956 Silis
666 2909 737 2966 Prie,
746 2925 808 2956 acac
818 2909 876 2957 Sile.
899 2926 921 2956 u.
933 2911 966 2956 rt
981 2915 1035 2970 post
1044 2923 1062 2952 e.
1071 2903 1096 2950 15

362 2984 434 3041 ponit
453 2980 477 3028 (i.
530 2983 561 3027 14
579 2981 701 3042 lignencie
716 2979 740 3038 0,
759 2981 889 3040 Liquentia
917 2982 975 3028 editi
995 2987 1020 3026 ut
1039 2977 1096 3030 Pte,

366 3053 391 3097 fl.
410 3051 516 3099 Licenna
536 3053 600 3110 raa,
622 3065 683 3097 nanc
702 3051 814 3098 Livenza.
889 3054 920 3098 15
949 3052 1031 3107 Plevel
1049 3059 1098 3093 aaut
1157 3069 1158 3074 =

365 3123 448 3172 Pieve.
506 3124 536 3169 16
565 3123 725 3169 tiliamentum
744 3124 773 3180 A,
797 3123 821 3168 fl.
840 3121 971 3169 Tiliabinte
988 3121 1045 3178 rae,
1066 3117 1098 3163 Ti-

365 3193 488 3239 laventum
500 3193 572 3250 Plu„
598 3207 659 3239 nunc
677 3192 852 3252 Tagliamento.
878 3193 888 3238 ΙΙ
910 3201 967 3253 post
984 3192 1098 3240 'taliamen-

365 3269 417 3310 tum
437 3263 528 3310 Gadd.
547 3265 576 3310 de
594 3264 676 3310 fluviis
694 3265 818 3323 provincie
835 3265 910 3324 ystrie
928 3279 960 3310 ex
977 3263 1097 3325 ytaliaper-

363 3337 463 3381 tinente.
