2464 3896
122 1328 135 1371 1
189 1297 267 1370 Il.
301 1275 378 1372 Sub
402 1297 454 1362 dei
478 1299 532 1382 qui
547 1299 686 1362 militant
701 1299 844 1385 imperio,
867 1301 935 1365 eius

121 1433 138 1478 2
176 1407 287 1492 legem
309 1404 479 1478 observare
506 1403 610 1466 iniant
638 1411 671 1465 et
697 1401 810 1467 beatae
839 1413 935 1488 atque

122 1533 138 1578 a
178 1509 326 1574 infinitae
348 1489 470 1594 gloriae
493 1505 614 1590 perfrui
636 1503 722 1569 bono
741 1504 935 1590 desiderant,

122 1639 140 1682 4
179 1613 210 1677 si
233 1613 302 1676 sine
325 1610 399 1675 dolo
427 1610 544 1678 mentis
568 1617 600 1672 et
622 1607 744 1692 absque
773 1610 935 1696 hypocrisi

124 1743 139 1787 5
180 1716 349 1780 caritatem
364 1713 519 1799 proximis
536 1713 603 1777 suis
619 1711 820 1797 impendunt,
843 1724 880 1778 ul
895 1714 935 1779 ab

124 1848 140 1892 ε
178 1821 271 1906 ipso,
300 1819 355 1902 qui
383 1817 544 1882 caelorum
572 1815 717 1901 possidet
747 1827 875 1902 sceptra
904 1827 936 1882 el

125 1942 140 1986 7
178 1933 338 1987 terrarum
362 1921 506 1986 continet
520 1943 631 2007 regna,
653 1921 852 2003 frequentius
870 1943 936 1984 am-

125 2043 142 2088 8
178 2034 362 2106 monentur,
384 2033 417 2088 et
439 2025 539 2111 gratis
564 2023 640 2089 dare
661 2022 810 2087 omnibus
825 2034 936 2108 peten-

125 2147 140 2191 a
178 2128 287 2210 libna,
316 2129 402 2193 siout
424 2138 619 2213 aeceperunt
648 2127 688 2193 ab
719 2128 790 2212 ipso
820 2125 880 2191 deo
904 2137 936 2191 et

109 2249 142 2294 10
179 2233 340 2298 salvatore
352 2240 474 2313 nostro,
489 2232 710 2296 vehementius
723 2239 935 2315 praestantur.

109 2353 139 2398 11
226 2333 334 2416 Quam
357 2334 504 2417 obrem,
533 2358 553 2399 o
575 2336 620 2400 mi
641 2337 740 2399 frater
763 2335 952 2421 carissime„

109 2459 140 2502 12
178 2449 353 2526 postquam
367 2437 477 2503 divina
497 2439 691 2523 aspiratione
705 2437 870 2523 praeditus
885 2431 939 2503 me

109 2559 140 2609 13
181 2541 390 2628 compelleres
412 2550 450 2606 ut
473 2565 534 2628 ego
563 2565 621 2628 per
643 2540 812 2627 pallidines
835 2540 938 2606 subli-

179 2761 241 2806 Aate
259 2772 351 2804 vasum
371 2759 383 2804 l
403 2758 425 2804 A
443 2757 502 2803 llaec
520 2756 591 2804 halet
608 2757 637 2804 In
649 2758 696 2802 hoe
713 2771 812 2816 corpore
830 2759 937 2804 eontine-

179 2829 440 2888 turchormogmphya
451 2834 477 2874 et
491 2841 644 2875 romanorum
655 2829 754 2887 ysloria.
800 2829 819 2874 2
843 2829 938 2874 inhiant

179 2900 246 2947 odili.
301 2900 317 2946 4
339 2899 445 2959 ypocrisi
457 2900 486 2958 A,
505 2899 633 2958 hypocresi
644 2899 674 2944 B.
730 2899 743 2945 5
767 2899 896 2945 karitatem
907 2900 935 2945 A.

181 2973 198 3017 6
225 2969 331 3016 celorum
349 2971 371 3016 B
390 2969 428 3016 lio
445 2976 469 3015 et
485 2967 562 3030 infra.
576 2969 585 3016 ΙΙ
598 2975 678 3028 septra
695 2970 726 3015 B.
785 2972 799 3015 7
827 2970 937 3028 frequen-

180 3041 233 3088 cius
250 3041 280 3087 B.
306 3041 315 3086 ΙΙ
335 3042 494 3088 admonentur
511 3040 575 3086 editi.
630 3042 662 3087 11
692 3040 759 3086 omi
775 3041 849 3088 frater
866 3040 938 3086 earis-

180 3113 250 3168 sime]
269 3108 304 3172 ef.
321 3112 334 3158 l
352 3111 394 3168 13,
413 3111 454 3158 abi
471 3125 503 3168 „o
516 3111 610 3158 amiea“
628 3117 651 3156 et
668 3110 820 3168 „Odocare“.
838 3111 848 3156 ΙΙ
865 3111 937 3156 earis-

181 3184 250 3240 sime]
262 3179 320 3230 kaie
329 3183 359 3228 Β.
406 3183 438 3228 12
456 3195 575 3242 posquam
583 3183 614 3228 Β.
632 3182 642 3227 ΙΙ
659 3182 821 3241 adspiratione
831 3179 904 3228 Gran.
912 3180 936 3226 2.

181 3255 193 3300 ll
204 3267 242 3300 me
260 3253 407 3314 conpelleres
424 3253 455 3312 Β,
483 3251 638 3312 compelleres
656 3266 694 3300 me
712 3253 756 3298 A„

756 3338 765 3375 l
