2528 3894
274 315 327 372 ³⁹⁴
1019 323 1094 372 vel

295 490 307 533 1
389 464 453 530 Per
480 464 618 530 insulam
640 463 741 552 Cypri
766 475 936 534 transeunt
956 467 1097 554 plurima

294 593 309 638 s
344 569 486 651 flumina,
507 570 591 634 inter
613 577 721 634 eetera
742 593 826 636 nnus
849 572 904 655 qui
926 569 1047 636 dieitur

294 697 308 742 a
494 671 654 756 Basileus,
682 675 739 758 qui
758 675 939 761 ingrediuu
959 675 994 738 in
1015 673 1097 738 mari

293 800 309 845 4
344 799 462 864 magno
484 800 504 842 a
523 787 616 863 parte
639 779 730 861 quasi
744 775 870 865 Syriae.
914 779 997 844 alius
1019 801 1097 843 vero

294 902 308 947 n
344 879 461 946 fluvius
484 878 603 946 dioitrrr

293 1009 308 1053 s
494 983 612 1066 mous,
649 985 705 1068 qui
736 983 918 1073 ingreditur
947 985 982 1050 in
1016 985 1097 1050 mari

294 1110 309 1155 7
344 1109 472 1174 magno.

293 1214 308 1258 s
388 1191 422 1254 A
442 1199 534 1275 parte
556 1187 669 1276 Syriae
700 1199 750 1256 est
771 1192 863 1276 quasi
884 1192 977 1257 iuxta
998 1213 1098 1277 supra

294 1317 309 1362 o
346 1294 500 1379 scriptam
523 1289 667 1380 Cyprum
688 1293 795 1360 insula
816 1316 898 1379 quae
920 1293 1041 1360 dieitur

278 1423 309 1468 10
495 1393 583 1462 Stira

278 1528 309 1573 11
495 1499 601 1564 insula
621 1497 761 1564 Arados.

278 1631 309 1675 1⁵2
391 1602 476 1670 Sunt
498 1603 617 1669 etenim
638 1603 672 1666 in
694 1602 766 1688 ipsa
787 1605 918 1691 regione
932 1605 1041 1686 maris,
1062 1604 1098 1668 id

279 1736 310 1782 ιε
346 1717 397 1774 est
424 1731 464 1773 er
494 1707 594 1772 latere
620 1705 805 1793 praedictae
827 1704 945 1794 Cypri,
972 1708 1098 1773 insulae

278 1838 311 1884 14
346 1834 429 1896 quae
451 1810 605 1877 dicuntur

278 1941 310 1987 15
497 1911 718 1997 Chelidoniae,
738 1914 855 1980 iterum
877 1936 959 1998 quae
979 1913 1100 1980 dieitur

278 2046 310 2091 16
496 2017 619 2084 Rodos.

201 2159 204 2174 ¹
279 2147 310 2193 ιτ
379 2121 431 2192 21.
476 2122 598 2187 Iterum
607 2143 666 2206 per
676 2120 838 2187 diversum
848 2141 936 2185 mare
946 2143 1100 2208 magnum

280 2251 311 2298 rs
347 2227 503 2312 plurimae
525 2233 689 2311 ponuntur
710 2225 845 2307 insulae,
868 2224 902 2289 id
925 2232 974 2289 est

280 2354 311 2400 rs
497 2325 617 2394 Serusa

279 2457 312 2502 no
501 2428 660 2497 Caramen

351 2668 363 2711 l
392 2667 452 2726 cipri
469 2666 499 2711 B.
572 2666 586 2710 2
613 2670 669 2722 post
687 2669 765 2710 uetera
778 2663 808 2710 ·C
824 2664 879 2710 add.
898 2678 960 2723 quae
977 2663 1098 2709 dicuutur.

347 2737 423 2795 lipost
440 2749 502 2782 unus
521 2734 612 2781 Cadd.
631 2741 675 2780 est.
728 2736 742 2781 3
768 2734 888 2792 Basileus}
908 2731 1101 2792 „Basilopotami

342 2806 449 2867 flmniatr
461 2807 564 2850 meminit
576 2805 657 2864 steph.
672 2806 768 2865 Lusiyn.
781 2808 842 2852 c.7“
860 2805 947 2852 Porci.
995 2805 1011 2850 4
1030 2803 1100 2862 qussi

348 2885 404 2924 ante
417 2875 500 2937 Syriae
512 2890 557 2922 om.
572 2877 593 2920 A
607 2882 630 2923 st
643 2878 712 2934 ponit
728 2876 772 2921 v.8
785 2881 842 2934 port
854 2882 930 2935 purte.
985 2877 999 2921 6
1019 2874 1100 2934 Lycus

349 2949 414 3004 editi,
433 2940 530 2997 Λύκου
541 2946 669 3014 ποταμοῦ
681 2942 794 3012 epota
802 2945 866 2993 Ptol.
915 2948 930 2993 8
949 2952 1004 2991 ante
1016 2943 1101 3005 Syriae

351 3019 370 3066 C
391 3019 447 3064 add.
472 3017 552 3076 qussi3
580 3015 614 3077 cs.
636 3017 696 3063 ad.
771 3019 802 3064 10
830 3015 907 3073 Stiral
932 3015 1006 3063 Stiria
1034 3013 1099 3061 Plio.

351 3092 381 3135 11
402 3090 488 3135 nrodoa
502 3087 525 3146 C,
545 3094 579 3133 est
597 3087 699 3144 Aradus,
718 3087 845 3134 Phoenices
857 3085 943 3133 insutu.
987 3086 1017 3132 15
1037 3084 1100 3132 Che·

348 3160 454 3207 lidonise
465 3161 535 3205 stiam
543 3157 607 3204 Plio.
617 3157 684 3204 Mela
693 3157 745 3204 alii.
784 3159 815 3204 16
834 3158 932 3204 Rhodos
942 3157 1005 3213 editi,
1021 3155 1102 3202 lnsuln

348 3231 447 3277 Rhodos
459 3229 515 3276 Tul.
534 3229 544 3274 ΙΙ
564 3235 621 3287 post
632 3229 715 3275 Rodos
734 3227 753 3274 C
768 3227 824 3274 add.
843 3229 873 3274 ds
890 3227 1000 3288 plurimis
1017 3225 1102 3272 insulis

348 3315 391 3360 per
406 3301 524 3347 divorsum
543 3313 607 3345 mare
626 3312 739 3358 magnum
758 3299 851 3354 positis.
916 3300 948 3345 19
975 3311 1058 3344 eernna
1077 3295 1102 3344 G.
