2514 3908
280 327 333 380 ³14

303 498 315 541 1

302 600 316 644 2

301 705 315 750 8

301 809 316 852 4

301 911 315 955 ὅ

301 1015 315 1059 6

302 1118 314 1161 7

301 1222 315 1266 8

301 1326 315 1368 9

285 1427 315 1472 10

284 1527 315 1575 11

283 1634 315 1680 12

284 1738 315 1782 13

285 1842 316 1886 14

284 1944 315 1990 15

283 2047 315 2092 16

284 2150 315 2194 17

284 2253 315 2296 18

284 2353 315 2398 19

283 2455 316 2502 20

504 471 630 540 Solaria

503 576 645 642 Morum.

397 681 478 745 Item
504 681 538 745 in
566 681 709 766 spatiosa
736 688 823 744 terra
850 679 952 764 ipsius
981 680 1105 765 patriae

353 783 492 871 Spaniae
516 793 565 849 est
588 784 702 849 civitas
726 805 808 867 quae
830 781 950 847 dicitur

503 888 655 974 Augusta
676 887 814 967 Merita,
844 886 935 952 arrius
961 886 1106 972 proxima

353 1001 403 1058 est
426 992 540 1056 civitas
563 1013 645 1075 quae
668 989 787 1056 dicitur

502 1093 683 1172 Evandria3
705 1095 822 1159 iterum

502 1197 627 1282 Bipone

503 1300 660 1366 Aturnea.

396 1403 480 1467 Item
509 1404 600 1469 iuxta
628 1426 727 1490 supra
760 1404 913 1490 scriptam
941 1405 1103 1469 civitatem

353 1506 537 1592 Augustam
559 1506 713 1574 Meritam
742 1516 792 1574 est
815 1508 927 1574 civitas
951 1529 1033 1592 quae
1056 1506 1103 1572 di·

354 1609 438 1674 nitur

502 1714 682 1800 Pergelana

503 1814 697 1883 Contributa

502 1920 646 1986 Lacunis

504 2021 625 2089 (huius

504 2127 615 2212 Hilipa

506 2229 631 2294 Italica.

397 2331 481 2397 Item
503 2356 567 2398 non
582 2334 677 2420 longe
693 2357 713 2398 a
726 2335 870 2419 praefata
892 2335 1021 2399 civitate
1036 2335 1107 2399 Au·

357 2445 454 2521 gusta
475 2435 597 2502 Merita
618 2445 668 2503 est
692 2437 806 2502 civitas
820 2459 910 2521 ¹quae
933 2436 1051 2502 dicitur

355 2599 368 2642 1
388 2595 493 2655 Solaria}
513 2594 635 2668 Σαλαρία
653 2597 735 2646 Pam
789 2599 804 2646 1
827 2598 935 2656 Morum}
953 2599 992 2644 Ad
1010 2599 1106 2646 Morum

352 2666 425 2714 Aut!
490 2670 504 2715 3
532 2671 644 2728 spaciosa
664 2668 688 2716 0.
716 2670 726 2716 ΙΙ
751 2672 828 2725 terra]
851 2675 903 2715 tera
921 2671 949 2716 A.
977 2669 987 2716 ΙΙ
1012 2670 1105 2728 patrias

265 2773 267 2776 .
351 2751 397 2784 om.
415 2738 438 2783 a
455 2738 521 2786 aaut
576 2740 729 2800 ssugusa
746 2740 845 2795 Merita]
863 2734 1014 2810 Αὐγοῡπα
1029 2734 1105 2807 'rapa

368 2825 414 2858 ιτα
432 2808 522 2856 strato
540 2809 612 2869 Pau,
632 2811 741 2858 Emerita
758 2812 813 2857 Ant.
833 2817 856 2857 at
873 2809 925 2857 alii.
981 2814 994 2858 7
1013 2805 1106 2861 Εὐαν-

350 2825 412 2950 §eia
438 2879 511 2938 Prot,
547 2881 703 2928 Evandriana
732 2882 787 2928 Aut.
878 2883 893 2928 8
921 2883 1017 2940 Dipone
1047 2884 1104 2928 Ant.

353 2953 367 2997 9
396 2943 484 2998 atrinaa
501 2952 530 3008 B,
549 2951 664 2998 Atunnea
680 2952 745 3009 editi,
771 2951 811 2998 Ad
821 2951 915 2998 Adrum
926 2953 1015 2999 flumen
1032 2952 1106 2998 Ant!

355 3022 385 3067 10
405 3023 492 3068 iterum
507 3021 531 3069 0.
571 3024 600 3068 ll
622 3029 724 3082 augusta
736 3024 845 3069 meritam
858 3023 958 3070 Beati.
1002 3025 1033 3070 1³
1051 3037 1106 3082 par-

351 3091 437 3152 gelena
459 3094 504 3138 AB
525 3093 590 3151 editi,
618 3093 748 3140 Perceiana
770 3095 825 3140 Ant.
900 3095 932 3140 14
960 3093 1106 3142 Contributa

351 3165 422 3210 etiam
439 3164 495 3209 Ant.
508 3169 531 3209 et
542 3163 606 3210 Ptol.
665 3166 695 3210 16
716 3163 807 3223 Curiga
818 3165 882 3222 Aut,
901 3159 1028 3234 Κούρσου
1040 3165 1105 3210 Ptol.

354 3235 384 3279 17
403 3233 495 3292 Hilipa]
515 3233 579 3293 Ilipa
594 3236 659 3291 Ant,
676 3227 760 3285 Ἰλίπα
770 3229 872 3303 μεγάλη
885 3235 948 3282 Ptol.
1006 3238 1036 3282 18
1056 3235 1106 3284 Ita·

350 3304 398 3350 lica
416 3306 486 3349 etiam
498 3304 553 3349 Ant.
568 3310 590 3349 at
601 3304 665 3350 Pal,
