2464 3896
105 273 162 322 118
885 277 922 332 39

122 444 134 488 1
168 429 231 486 tam
245 419 409 506 Ispaniam
430 444 533 506 usque
555 422 597 487 ad
618 425 736 490 fretum
758 424 845 509 quod
867 449 921 491 su-

122 547 136 592 r
169 547 224 610 pra
245 524 385 589 diximus
408 522 739 613 Septemgaditanum.

123 651 137 695 a
169 637 176 644 '
202 627 252 696 18.
297 628 342 693 Et
372 651 392 692 a
421 651 570 713 supremo
597 641 635 695 ut
662 631 806 697 dicamus
835 641 920 698 totas

123 751 138 796 4
170 733 285 816 patrias
316 741 348 796 et
371 732 525 817 plurimas
555 757 664 798 earum
689 736 834 801 civitates
864 759 921 802 seu

124 852 137 900 t
171 834 291 902 diversa
313 835 457 918 flumina,
479 859 560 921 quae
582 860 641 923 per
655 839 921 923 spatiosissimum

125 957 138 1001 o
171 940 321 1006 mundum
349 929 523 1026 ponimur,
552 942 700 1006 volumus
735 940 919 1029 designare3

125 1059 138 1104 r
171 1043 278 1110 sedet
305 1045 428 1111 insulas
457 1053 490 1109 et
512 1045 730 1127 cherronisos‚
760 1043 920 1132 Cycladas

125 1162 139 1208 s
172 1155 201 1211 et
221 1146 384 1234 Sporadas
408 1171 464 1214 seu
487 1148 657 1214 Dorcadas
686 1173 744 1235 per
765 1149 920 1216 mundum

126 1267 139 1310 ⁹
170 1253 286 1336 positas
309 1253 457 1320 volumus
479 1251 633 1318 indicare.

112 1369 140 1414 1⁰
210 1357 433 1422 Potuissemus
462 1358 579 1421 etenim
602 1355 734 1422 Christo
755 1356 849 1423 nobis
872 1358 920 1422 iu-

113 1473 140 1517 11
172 1470 261 1526 vante
277 1459 429 1526 subtilius
444 1459 552 1526 dicere
566 1461 666 1526 totius
681 1462 793 1527 mundi
807 1471 919 1547 portus

113 1574 141 1619 ¹²
174 1574 203 1630 et
226 1565 446 1652 promunturia
474 1573 570 1648 atque
596 1566 680 1630 inter
708 1567 795 1652 ipsas
823 1565 919 1632 urbes

113 1681 142 1726 1³
173 1670 311 1751 miliaria,
334 1667 387 1732 vel
402 1668 562 1751 quomodo
579 1678 713 1734 cunctae
727 1671 849 1755 patriae
865 1680 921 1736 aut

114 1784 143 1828 14
174 1773 304 1855 qualiter
318 1781 483 1857 ponuntur
498 1773 630 1838 mirifice
646 1772 849 1860 depingendo
865 1775 921 1840 de-

114 1885 142 1932 rt
174 1877 304 1963 signare.
361 1874 420 1940 scd
447 1875 538 1958 ideo,
570 1885 724 1960 tanquam
750 1878 920 1942 lectionem

115 1989 143 2034 16
174 1989 309 2044 nostram
345 1980 607 2066 cosmographiae
641 1982 841 2046 exactionem
874 1982 921 2045 fa-

115 2093 143 2137 17
176 2084 305 2166 cientes,
340 2105 451 2148 omnes
486 2081 724 2170 designationes
757 2085 809 2149 vel
839 2108 920 2169 quae

115 2195 143 2240 18
174 2187 259 2272 plura
281 2189 412 2253 filerunt
439 2187 636 2273 polylogiam
658 2188 818 2274 fugientes
840 2191 922 2254 taci-

114 2297 142 2341 19
173 2292 313 2356 turnitati
329 2289 633 2356 commendavimus.
669 2292 829 2376 praelatas
844 2316 920 2358 vero

114 2399 143 2444 ²⁰
173 2397 286 2479 patrias
310 2417 483 2478 earumque
505 2394 659 2479 plurimas
688 2396 834 2461 civitates
864 2419 921 2461 seu

114 2503 142 2548 ‘21
173 2495 308 2581 flumina,
323 2506 360 2562 ut
374 2498 590 2584 promisimus,
604 2497 747 2563 indicare
762 2500 919 2566 volumus.

114 2607 142 2653 22
172 2602 273 2667 nullus
295 2609 404 2667 tamen
427 2602 574 2666 aestimet
597 2600 684 2685 quod
706 2601 849 2670 diversas
863 2627 921 2669 no-

175 2827 185 2870 1
210 2827 337 2886 yspaniam
352 2827 378 2884 B,
398 2826 541 2886 Hispaniam
554 2825 619 2872 editi.
687 2828 701 2872 7
730 2826 879 2873 cherronisus
891 2829 919 2884 A,

171 2897 303 2944 cheronisos
326 2898 349 2942 B
370 2897 436 2943 editi.
463 2896 473 2942 ΙΙ
502 2887 607 2943 oic'ladas
629 2899 658 2943 Α.
736 2899 751 2944 8
784 2897 919 2955 Dorcadasl

172 2966 552 3028 i.a0rcadas;os.V3132.
591 2970 621 3014 11
642 2969 720 3014 tocius
738 2970 766 3016 B.
806 2970 837 3014 12
865 2983 920 3030 pro-

171 3039 286 3086 montoria
303 3039 369 3085 editi.
434 3040 465 3086 16
494 3039 640 3085 exactiorem
659 3039 724 3085 editt.
791 3041 823 3086 18
851 3039 921 3099 poly-

170 3107 232 3168 logia
254 3109 319 3167 editi,
347 3109 490 3170 polilogiam
512 3111 542 3155 B.
616 3111 647 3156 19
677 3105 875 3157 comendavimus
890 3110 920 3154 B.

172 3179 200 3225 21
223 3181 390 3240 praemisimus
403 3181 432 3227 Β.
488 3181 520 3226 22
545 3182 659 3228 exstimat
670 3182 700 3239 B,
720 3182 844 3228 existimet
856 3179 920 3226 editi.

171 3249 248 3309 liquot
265 3252 295 3296 B.
