2378 3902
320 477 475 544 Aufidum

318 579 478 646 Bardulos

319 684 474 750 Tirenum

318 786 487 853 Natiolum

318 891 451 956 Barium

318 994 432 1060 Turris
456 990 603 1060 Caesaris

318 1098 445 1162 Diriam

319 1199 443 1267 Gnatia

318 1301 498 1390 Speluncas

317 1406 531 1474 Brendeeium

317 1509 479 1576 Baletium

171 1696 183 1740 1
209 1693 328 1742 Ausidum
351 1694 370 1742 0
391 1697 449 1742 editi
470 1701 497 1742 at
520 1711 582 1742 nunc
606 1695 728 1756 lepiturV
744 1697 766 1752 1,
793 1694 922 1742 Aufidienu

167 1778 211 1825 pro
229 1779 278 1825 qua
295 1780 359 1812 nunc
378 1765 460 1814 Oanne
480 1765 564 1825 (luido,
585 1766 703 1813 Aufidena
720 1768 785 1824 Ant,
808 1764 921 1812 Aufinum

169 1835 359 1897 (propeflucimn
366 1837 599 1898 Aufidumquimmc
609 1835 709 1896 Oianto]
726 1836 782 1883 Tab.
829 1837 843 1882 2
862 1835 922 1882 Bar-

168 1905 237 1954 dulos
262 1907 333 1953 etium
349 1907 401 1954 Vr
421 1913 445 1954 ci
460 1907 524 1966 Tau,
552 1907 672 1954 Bardulos
694 1920 755 1966 quae
778 1911 802 1954 et
819 1905 922 1954 Buruloe

169 1978 298 2038 (harunce,
326 1978 430 2038 bauros)
450 1977 533 2034 (luido,
561 1993 623 2025 nunc
640 1977 756 2026 Barletta.
811 1979 826 2025 8
854 1975 921 2024 Tire-

167 2063 224 2096 num
243 2052 301 2106 etc]
324 2047 358 2110 cs.
378 2047 462 2096 (luido.
499 2049 509 2095 ll
543 2049 656 2096 Tirenum
675 2050 745 2095 etiam
762 2047 783 2094 V
799 2048 823 2106 1,
848 2047 922 2093 Ture·

167 2131 223 2166 unm
240 2118 306 2177 Tui„
325 2119 479 2166 mmc'l'rani.
507 2119 517 2165 ll
542 2122 606 2165 iuter
623 2120 736 2166 Tirenum
755 2125 777 2166 et
793 2117 920 2166 Natiolum

168 2190 232 2248 apud
251 2188 382 2236 Gmdouuu
399 2190 498 2236 additur
514 2189 600 2237 Melfle.
666 2192 679 2236 4
707 2188 834 2236 Natiolum
852 2190 922 2234 etiam

171 2260 234 2318 Tul„
253 2259 383 2307 Naciolum
400 2261 422 2307 V
437 2261 461 2318 1,
480 2274 542 2308 nune
560 2259 721 2308 Giovennzzo.
782 2259 796 2307 5
825 2259 922 2306 Barium

167 2333 237 2378 etium
251 2330 273 2377 V
288 2332 304 2377 1
317 2331 373 2378 Aut.
390 2331 446 2377 Ταῦ.
459 2331 511 2389 ulii,
524 2333 603 2378 brium
615 2333 666 2389 AB,
680 2331 749 2378 lodie
758 2331 823 2378 Bari.
842 2332 851 2376 ΙΙ
864 2335 922 2389 poet

166 2401 265 2448 Barium
295 2402 361 2461 apud
388 2401 516 2450 Guidouem
542 2403 664 2449 adduntur
691 2401 758 2450 Celia
788 2405 811 2448 et
836 2399 922 2448 Molee.

168 2473 183 2519 6
211 2473 296 2520 Turris
319 2470 430 2520 Omearie
456 2475 527 2520 etium
544 2473 565 2520 V
580 2477 605 2532 1,
636 2474 718 2520 Turris
741 2471 836 2521 Geearie
866 2471 922 2518 Ταῦ.

166 2542 176 2588 ΙΙ
188 2549 247 2603 poet
265 2543 347 2590 Turris
364 2541 476 2591 Caesaris
500 2545 565 2604 apud
583 2544 712 2590 (luidonem
733 2544 854 2590 adduntur
875 2540 922 2589 Cu-

166 2627 295 2673 pereanum
314 2620 337 2660 et
354 2613 516 2662 Polinianum.
584 2618 598 2662 7
625 2615 726 2662 Dixium
744 2615 802 2662 editi
818 2620 845 2661 ut
861 2611 882 2659 V
897 2613 921 2670 1,

166 2684 261 2732 Dii-inm
285 2699 347 2745 quae
368 2699 432 2732 nune
454 2685 593 2744 Monopolie
617 2685 706 2744 Guidc,
736 2685 837 2732 Dertum
865 2683 921 2731 Tub.

167 2757 182 2802 8
202 2757 289 2815 gnaeia
303 2753 327 2815 0,
348 2753 450 2804 Gnatiae
460 2762 483 2803 et
492 2757 611 2816 Egnatiae
623 2757 688 2816 Aut,
707 2757 847 2817 augnatinm
858 2751 922 2811 (pu,

167 2827 309 2886 anscarium
329 2823 365 2885 Gr,
384 2827 494 2887 Ignatiae
511 2827 533 2874 V
548 2829 572 2884 1,
599 2825 686 2875 Gnatia
708 2827 772 2886 Tui„
790 2826 922 2874 Leonatiae

165 2897 272 2956 Hieros„
290 2897 360 2944 lodie
377 2898 451 2945 'loire
469 2898 586 2958 Egnuzia.
660 2900 673 2945 9
702 2896 835 2958 Speluncae
853 2898 923 2943 etiam

170 2967 232 3026 Vl,
263 2966 396 3028 Speluncae
414 2974 437 3014 ei
456 2967 582 3029 Speluncis
604 2969 669 3028 Aut,
696 2981 828 3030 speeuncas
852 2965 922 3025 ABG,

166 3037 280 3098 Spelunie
301 3039 367 3096 Tul„
394 3038 534 3099 Spilenaeee
556 3041 650 3086 Hieros.
678 3040 688 3086 ll
717 3045 772 3099 poet
790 3037 923 3099 Speluncae

166 3109 231 3168 apud
244 3108 373 3156 (luidonem
384 3109 484 3156 additur
493 3109 617 3157 Saunium.
663 3112 695 3158 10
715 3111 862 3157 brentesium
875 3106 922 3165 Ac,

165 3179 315 3226 Brendeeum
327 3180 391 3238 editi,
404 3181 516 3229 Brindice
531 3182 554 3227 V
562 3183 586 3238 1,
600 3182 707 3230 Brindisi
720 3181 776 3227 Ταῦ.
786 3186 809 3226 et
817 3179 920 3236 Hieros„

165 3249 322 3298 Bnmdisium
340 3252 396 3298 Aut.
420 3251 459 3298 lic
477 3251 553 3300 multu
571 3252 639 3299 addit
658 3252 740 3300 [luido.
798 3251 828 3297 11
853 3248 912 3296 Bele

165 3321 227 3370 tium
246 3323 317 3369 etiam
334 3322 355 3369 V
370 3323 394 3379 1,
414 3322 633 3380 Balentiniana,
652 3322 685 3384 cs.
707 3321 790 3370 (luido.
