2358 3906
102 359 188 409 IV48

120 533 132 576 1
170 518 260 593 ptam
289 529 385 590 quam
414 506 632 591 praediximus
663 507 825 572 civitatem
848 509 928 573 Tar·

119 635 134 680 a
171 633 327 698 sagonam
349 611 480 695 ponitur
503 611 616 676 civitas
640 633 722 695 quae
745 610 864 676 dicitur

118 737 133 782 a
325 710 463 793 Oceani3
487 717 566 779 item

118 841 133 884 4
323 816 438 882 Nobas

118 943 131 988 s
325 917 585 1008 Caesaraugusta

117 1047 132 1091 s
323 1023 410 1090 Foro
433 1021 604 1090 Gallorum

116 1151 131 1195 ⁷
323 1127 432 1192 Pacca

115 1257 131 1302 8
322 1231 413 1296 Iulia.

115 1364 130 1408 9
324 1334 462 1410 Ebelino

99 1467 131 1511 10
324 1437 434 1511 Salam

98 1573 131 1618 11
324 1541 487 1606 Anabore.

99 1676 132 1721 12
217 1646 301 1710 Item
334 1647 426 1710 iuxta
457 1668 554 1731 supra
584 1647 738 1731 scriptam
768 1647 930 1710 civitatem

99 1781 132 1826 13
172 1747 466 1836 Caesaraugustam
488 1750 619 1834 ponitur
643 1749 756 1815 civitas
774 1771 855 1832 quae
881 1747 930 1812 di·

99 1885 133 1931 14
172 1854 259 1918 (titur

100 1989 133 2033 η
324 1955 521 2020 Neilobrlca

100 2093 134 2138 15
325 2058 445 2125 Belblli
527 2117 528 2120 ,

99 2197 134 2242 17
326 2162 507 2227 Arcobrioa

98 2303 134 2349 18
326 2265 485 2353 Saguntia
500 2352 503 2356 ¹

174 2503 187 2547 1
210 2503 292 2558 quaml
306 2499 392 2558 quaB.
417 2499 427 2545 ΙΙ
452 2500 576 2544 civitatem
585 2497 931 2558 poatTarsagonampoaitA,

172 2572 299 2618 civitatem
323 2583 395 2629 quam
420 2571 570 2629 prediximus
591 2569 614 2616 C.
643 2570 652 2615 ii
683 2569 846 2628 Tarragonam
867 2567 932 2612 editi.

174 2643 190 2689 2
220 2642 296 2701 quae]
325 2641 367 2699 qui
390 2641 420 2686 B.
458 2640 467 2687 ii
503 2642 591 2686 dicitur
613 2646 671 2698 post
698 2638 788 2686 Oceani
816 2639 839 2684 B
866 2637 932 2684 editi.

174 2715 191 2760 3
219 2713 316 2759 occeani
330 2709 383 2767 Aa·
401 2709 537 2757 Oleastrum
554 2714 620 2756 iusta
630 2711 763 2757 Tarracone
781 2707 854 2755 Ant!
871 2722 933 2754 auae

174 2781 237 2830 Cina
257 2780 358 2829 Corte's!
404 2783 532 2828 lucubas
548 2781 570 2839 C,
591 2781 629 2828 Ad
639 2795 715 2828 novas
727 2781 782 2827 Ant.
838 2779 851 2828 5
873 2777 933 2825 Gae-

174 2856 327 2913 saraugustal
341 2858 510 2912 cesaraugusta
525 2851 548 2911 0,
569 2867 608 2898 cer
619 2857 723 2912 augusta
734 2853 786 2897 AB.
837 2853 851 2897 6
871 2850 932 2896 Foro
948 2873 952 2881 =

175 2923 301 2970 Gallorum
315 2925 386 2969 etiam
398 2925 453 2969 Ant.
510 2926 523 2970 7
544 2923 634 2980 Paccal
654 2915 786 2972 eat’luuuoe
804 2920 935 2968 Ptolemaei

174 3001 199 3042 et
216 2995 327 3040 aliorum.
383 2995 397 3040 8
417 2993 491 3050 Iulia]
511 3001 546 3039 est
563 2994 626 3040 Iulia
644 2993 778 3053 Calaguris.
834 2993 848 3037 9
868 2991 933 3036 Ebe-

175 3067 226 3112 lino
240 3069 311 3111 etiam
320 3066 376 3110 Ant.
426 3066 454 3110 11
474 3065 598 3122 Anabere]
612 3057 719 3131 Ἅναβιε
730 3062 795 3110 Ptol.
843 3063 874 3108 13
895 3073 933 3106 ce-

175 3140 319 3196 saraugusta
339 3133 363 3193 0,
387 3141 556 3195 cesaraugusta
573 3137 624 3181 AB.
681 3134 712 3182 15
741 3133 889 3180 nertorbrica
909 3128 933 3187 C,

175 3207 323 3266 Nertobriga
341 3208 396 3252 Aat.
415 3205 479 3252 Ptol.
537 3208 567 3253 16
593 3206 677 3253 Bilbili
696 3207 751 3252 Ant.
801 3205 832 3249 17
857 3201 933 3247 Arco-

179 3278 250 3338 briga
267 3280 324 3324 Ant.
344 3275 407 3324 Ptol.
466 3278 496 3322 18
516 3278 630 3337 aegunoia
650 3277 674 3335 C,
694 3275 810 3335 Segontia
827 3274 881 3318 Aat.
