2464 3896
140 463 151 506 1
194 447 257 520 cet,
266 439 329 521 qui
344 437 431 522 apud
441 438 598 504 humanos
608 461 737 524 gressus
748 439 836 503 nullo
848 438 945 504 modo

139 568 154 611 a
191 551 282 606 totus
292 541 507 627 perambulari
517 543 687 621 invenitur.
710 566 785 606 nam
801 542 843 606 ad
858 545 946 608 fron·

139 671 154 714 a
191 656 259 711 tem
283 645 426 710 eiusdem
440 644 553 710 Indiae
571 644 689 710 Persae
711 647 888 729 inferiores,
910 646 946 710 id

138 774 156 817 4
193 759 243 814 est
259 749 384 830 Parthi,
403 749 655 830 comminantur,
671 749 729 814 sed
744 759 777 814 et
792 750 872 813 aliae
888 771 946 813 na-

138 877 154 920 e
190 855 298 918 tiones
314 853 417 917 eidem
431 852 543 916 Indiae
565 854 873 938 appropinquantes3
896 854 946 917 in·

139 983 155 1026 c
185 967 243 1022 ter
258 979 338 1041 quas
355 967 387 1020 et
401 957 626 1042 Agarenorum
640 957 757 1020 transit
771 955 862 1020 brevi
878 979 946 1020 ere·

139 1085 154 1130 7
191 1083 282 1124 mum
304 1059 439 1123 Madian
461 1057 644 1124 Nabathaei
667 1060 786 1124 olitana
808 1061 921 1146 patria.

139 1189 155 1234 s
237 1161 389 1245 Secunda
409 1174 445 1228 ut
466 1165 545 1228 hora
560 1163 624 1228 diei
638 1163 810 1229 Persarum
826 1173 876 1229 est
890 1187 947 1249 pa·

139 1293 155 1337 9
191 1267 266 1348 tria,
281 1267 315 1330 in
330 1289 394 1355 qua
410 1292 450 1332 ex
462 1266 594 1334 Oceano
611 1291 753 1332 summae
767 1268 869 1354 partis
881 1291 947 1331 me-

122 1396 156 1441 10
192 1370 337 1434 ridiana'e
347 1373 512 1457 pertinens
523 1373 682 1436 maximus
692 1374 782 1437 sinus
793 1371 945 1436 Persicus

124 1503 153 1546 ιι
193 1474 375 1539 ascribitur.
799 1485 801 1488 ’

123 1604 155 1649 12
238 1579 351 1642 Tertia
378 1587 415 1641 ut
447 1577 527 1642 hora
553 1577 620 1642 diei·
645 1578 829 1650 Araborum
864 1601 945 1662 quae

122 1708 155 1752 13
193 1690 338 1746 aromata
365 1682 486 1766 profert
517 1691 579 1746 est.
596 1684 716 1767 patria,
750 1684 784 1747 in
813 1705 877 1766 qua
906 1706 947 1746 ex

124 1809 157 1854 14
194 1783 329 1849 Oceano
351 1784 526 1848 meridiano
548 1786 711 1869 pertinens
726 1787 885 1851 maximus
904 1788 947 1851 si·

123 1913 156 1957 15
192 1912 266 1969 nuc,
296 1889 353 1972 qui
382 1897 414 1951 et
436 1903 528 1957 marc
545 1888 693 1954 Rubrum
722 1888 946 1971 conscribitur,
1044 1919 1046 1926 ·

124 2019 156 2063 ιε
172 1989 174 1994 ’
192 1990 357 2056 Arabicus
380 2015 450 2056 esse
473 1991 600 2058 dicitur.
940 1981 942 1984 ⁵

124 2123 155 2166 17
239 2093 366 2176 Quarta
386 2105 423 2160 ut
445 2096 524 2160 hora
539 2096 603 2160 diei
618 2095 816 2182 Aethiopum
832 2096 947 2163 Auxu-

123 2225 156 2269 13
192 2201 388 2264 mitanorum
411 2197 601 2265 Candacissi
625 2209 657 2264 et
672 2193 946 2287 Troglodytorum

124 2327 155 2372 19
193 2312 243 2367 est
265 2303 384 2388 patria3
413 2305 447 2366 in
470 2326 535 2387 qua
556 2306 646 2368 iuxta
669 2303 796 2369 deserta
819 2313 852 2368 et
878 2329 947 2370 are·

123 2429 155 2474 ao
191 2430 273 2472 nosa
300 2407 389 2490 loca,
418 2430 501 2491 quae
530 2429 595 2471 non
623 2408 719 2494 longe
748 2408 788 2472 ab
813 2407 946 2475 Oceano

123 2537 154 2582 21
193 2511 256 2575 sita
278 2521 364 2593 sunt,
392 2513 550 2576 maximus
577 2511 666 2582 lacus
690 2512 852 2576 invenitur
874 2512 947 2577 Nu·

122 2642 156 2686 22
193 2615 306 2697 seclis,
335 2638 394 2700 per
423 2638 518 2699 quem
547 2616 663 2679 transit
691 2614 809 2686 fluvius
836 2615 945 2680 Nilus

195 2758 367 2814 lquiom.A.
418 2759 432 2803 2
453 2758 624 2804 inuenietnrA.
671 2760 768 2818 sspersi
779 2761 808 2806 A.
855 2761 869 2806 6
891 2774 948 2820 aga·

191 2828 311 2875 ricnorom
322 2831 352 2880 A.
371 2828 380 2874 ΙΙ
396 2829 476 2874 brevis
489 2829 553 2876 editi.
572 2829 582 2874 n
598 2829 719 2876 heremum
728 2831 757 2887 A,
771 2844 870 2882 ¹eremus
882 2831 945 2879 editi.

194 2899 208 2943 7
236 2897 344 2945 olithnna
361 2900 390 2945 A.
445 2901 459 2945 9
487 2900 571 2958 partis]
589 2907 669 2959 patras
687 2902 716 2945 A.
773 2903 803 2948 ll
832 2902 947 2948 adscribi·
997 2931 999 2934 -

193 2971 268 3015 tur-A
287 2969 361 3016 Gron.
375 2971 398 3016 2.
473 2970 503 3015 17
533 2969 664 3030 ethyopum
682 2972 733 3028 AB,
753 2977 775 3016 et
793 2964 827 3018 ric
845 2975 945 3030 saepiae.

193 3040 252 3086 {lant
263 3042 467 3087 suminatanorum
481 3041 530 3086 AB.
578 3043 609 3088 18
627 3041 839 3101 triaglicdytornm
850 3045 879 3100 A,
898 3049 947 3088 trc-

193 3109 354 3171 gliodytorum
365 3110 396 3158 B.
459 3111 498 3158 al'
520 3118 575 3159 onte
586 3113 707 3158 maximus
718 3113 740 3158 B
753 3119 776 3172 et
788 3113 845 3159 editi
856 3113 948 3158 addant

195 3187 225 3228 ct.
244 3183 253 3228 ΙΙ
269 3182 387 3240 Nusaclis]
402 3197 510 3241 nnsap„
533 3183 588 3228 rab.
662 3183 694 3228 Ὦ
717 3193 847 3244 perquem
861 3184 948 3230 mansit

194 3252 279 3300 fluvius
292 3252 370 3310 Nilus}
385 3267 428 3312 per
441 3267 512 3312 quem
524 3252 595 3299 Nilus
609 3254 696 3314 transit
717 3254 772 3300 ch.
