2372 3904
83 337 114 384 III
130 339 144 386 6
843 343 897 396 lte

100 507 110 550 1
142 486 260 550 ritania
270 487 456 574 Tingitana.
500 487 616 551 iterum
637 489 670 552 in
686 491 845 556 montanis
861 501 893 555 et

98 610 110 653 a
144 591 265 674 asperia
299 613 358 655 seu
390 589 579 656 aridissimis
604 591 700 675 looia,
733 595 767 658 in
796 617 893 679 supra

98 712 110 755 a
144 693 264 778 scripta
286 693 485 758 Mauritania
507 716 588 778 quae
611 693 730 760 dioitur
751 697 892 780 Perosis,

98 817 112 860 4
145 817 227 878 quae
253 798 386 882 ponitur
411 797 502 862 iuxta
525 795 693 863 Oceanum
715 808 747 864 et
769 799 893 864 Mauri-

99 922 112 966 5
144 901 263 966 taniam
287 901 510 987 Tingitanum,
540 923 621 984 quae
650 904 781 987 ponitur
802 903 893 968 iuxta

100 1025 112 1069 o
145 1026 230 1068 maro
253 1025 424 1091 magnum,
453 1015 502 1070 est
523 1005 628 1091 patrie
649 1006 788 1071 maxima
810 1029 891 1089 quae

101 1127 112 1169 r
146 1104 263 1172 dicitur
286 1107 436 1190 Getulia,
468 1109 508 1173 de
538 1131 601 1194 qua
620 1111 661 1174 'in
690 1133 750 1174 sua
777 1109 891 1175 omelia

100 1230 113 1274 a
146 1212 240 1276 refert
255 1209 290 1278 S.
305 1211 493 1298 Gregorius.
538 1214 572 1278 in
588 1236 651 1297 qua
666 1212 809 1298 Gaudia,
830 1237 891 1301 pro

100 1333 113 1376 a
146 1337 244 1398 aquae
267 1316 391 1400 inopia,
421 1314 498 1380 dum
520 1318 616 1404 longe
639 1317 679 1382 ab
701 1315 835 1382 ¹Oceano
859 1327 891 1382 et

88 1435 114 1480 1o
148 1418 188 1482 ad
213 1443 300 1484 mare
330 1442 484 1505 magnum
512 1421 665 1507 amplius,
699 1430 731 1485 et
758 1421 892 1486 flumina

87 1538 112 1582 n
146 1519 261 1587 ibidem
276 1524 419 1588 existunt
433 1525 574 1607 minime,
596 1525 775 1608 aliquantas
790 1527 890 1592 fuisse

88 1640 115 1684 12
149 1626 289 1692 civitates
312 1627 461 1712 legimus,
484 1627 518 1692 id
541 1637 590 1693 est

88 1743 115 1788 13
292 1729 493 1796 Thursurum

89 1846 117 1892 14
292 1835 417 1900 Tioess

90 1951 116 1995 15
292 1937 466 2024 Speculum

91 2053 117 2098 16
292 2042 412 2106 Turres

91 2158 117 2203 17
293 2143 407 2210 Cerva.

91 2259 116 2305 18
188 2249 268 2315 item
297 2250 374 2314 litus
402 2252 499 2314 maris
523 2250 633 2336 magni
653 2250 744 2315 iuxta
766 2251 890 2316 Mauri-

90 2363 116 2408 16
149 2354 426 2440 taniaTingitana.
472 2353 505 2418 in
528 2377 592 2438 qua
613 2355 766 2440 plurimas
789 2357 888 2421 fuisse

151 2543 163 2586 1
180 2557 247 2602 super
264 2545 295 2589 B.
364 2545 377 2589 5
397 2545 517 2604 tingitana
534 2545 563 2590 Λ.
631 2546 644 2590 6
664 2545 783 2600 maxima}
802 2559 890 2604 magna

149 2614 205 2660 editi.
260 2616 320 2660 7in
338 2618 394 2671 sual
413 2615 491 2662 insula
508 2617 536 2660 A.
564 2615 574 2660 t
600 2614 710 2661 omeliam
734 2613 757 2672 0,
785 2615 890 2662 homelia

148 2685 205 2731 editi.
260 2687 274 2732 8
304 2685 442 2744 Gregorius!
461 2687 487 2732 S.
508 2686 618 2746 Greyorii
635 2687 720 2746 Mayni
738 2689 762 2732 in
780 2687 889 2746 Eounqe-

148 2754 179 2802 lia
195 2756 234 2802 lto.
248 2758 263 2802 I
279 2756 386 2802 Homilio
403 2757 432 2814 X,
462 2756 562 2816 Operum
585 2758 608 2802 T.
624 2757 638 2801 I
653 2757 732 2802 Paria
752 2757 821 2803 1705
835 2756 888 2818 sol.

144 2841 166 2885 p.
181 2829 259 2874 1169:
288 2828 438 2883 „Piscatores
462 2841 531 2885 vero,
560 2834 587 2874 ut
608 2829 695 2886 fertur,
721 2827 819 2876 Getulia
839 2843 888 2874 non

146 2899 237 2945 habet.“
303 2901 317 2944 9
348 2903 437 2957 aquae}
465 2913 511 2956 que
539 2897 610 2944 ABG.
678 2902 707 2944 11
734 2899 814 2946 ibidus
840 2899 888 2946 Ao.

146 2969 154 3016 ΙΙ
166 2972 282 3026 existunt]
311 2983 357 3027 que
384 2971 456 3016 sietut
482 2969 536 3027 BC,
574 2983 634 3028 quaa
661 2971 750 3016 sistunt
776 2973 797 3016 A
824 2971 888 3016 editt.

147 3042 173 3086 11
196 3044 225 3087 1⁶2
251 3042 362 3086 civitates
379 3041 453 3086 fuisse
474 3039 497 3086 0.
554 3043 585 3088 13
612 3042 752 3088 thuriuoum
773 3040 796 3099 0,
823 3042 889 3088 Thu·

144 3125 206 3159 euros
222 3111 279 3158 Tob.
328 3112 367 3158 14
386 3111 475 3170 Thiges
491 3111 555 3169 Tab„
577 3104 643 3179 Θῖγη
656 3111 719 3158 Ptol.
777 3113 807 3158 15
828 3111 887 3170 spe-

144 3183 219 3230 eulum
236 3185 308 3230 eiiam
318 3183 372 3228 Tau.
436 3184 466 3228 16
486 3182 524 3229 Ad
542 3189 618 3230 turres
640 3183 695 3230 rat.
761 3185 792 3228 17
811 3181 888 3228 Cerva

145 3256 210 3300 ettam
223 3253 288 3312 Tui„
312 3267 394 3299 nervas
412 3255 435 3298 B
453 3255 517 3300 aditi.
574 3255 605 3300 18
629 3254 797 3301 mauritaniam
815 3251 887 3314 tingi-

144 3329 219 3372 tanam
234 3323 363 3372 CGron.1
378 3325 403 3370 2.
441 3326 472 3371 19
487 3321 601 3385 &puto
624 3327 636 3370 1
657 3325 847 3371 civitatesfuisse
862 3321 886 3370 Ο.
