2404 3896
247 347 299 400 4⁵⁴
957 357 1041 394 avano
1061 347 1076 392 t

269 519 282 562 1
320 495 416 558 litora
436 490 594 578 praedicti
612 491 702 558 sinus
723 491 821 556 maris
839 489 1001 558 Adriatici
1023 515 1077 558 us-

267 623 283 668 s
320 619 383 680 que
405 595 448 660 ad
469 596 632 681 expletum
660 603 801 660 tractum
822 594 923 660 totius
945 597 1077 682 provin-

268 727 283 771 3
320 701 389 764 ciac
410 699 564 764 Histriae.

267 828 283 872 4
354 805 386 871 'l-
430 803 543 868 Tertia
569 825 646 868 vero
674 803 748 867 finis
770 799 885 867 Italiae
914 811 965 867 cst
987 825 1076 866 mare

269 931 283 978 s
321 906 495 988 Gallicum,
517 905 606 990 quod
627 914 660 972 et
679 906 895 992 Tyrrhenum,
915 907 1077 991 incipiens

269 1035 284 1080 c
320 1035 341 1076 a
361 1009 535 1096 praedictis
557 1008 720 1076 montibus
744 1009 800 1092 qui
821 1009 971 1074 dividunt
990 1010 1079 1074 intcr

269 1139 284 1184 ⁷
321 1115 484 1183 civitatem
498 1113 749 1200 Vigintimilium
778 1122 811 1178 ct
832 1111 972 1178 Niceam
996 1114 1079 1178 civi·

269 1240 285 1284 s
320 1228 421 1284 tatem
448 1219 633 1303 provincias
660 1215 895 1303 septimaniae,
929 1227 963 1282 et
990 1216 1079 1282 desi·

270 1343 285 1388 a
321 1321 459 1388 neusin
486 1331 659 1408 angustum
680 1323 800 1388 fretum
821 1320 919 1408 Regii
944 1320 1078 1407 provin-

255 1447 286 1490 10
322 1426 391 1490 ciac
413 1422 594 1492 Calabriae.
635 1425 724 1510 quod
744 1427 863 1491 fretum
886 1423 1004 1490 dividit
1026 1423 1079 1491 Si·

254 1551 284 1594 11
323 1529 431 1602 ciliam
444 1529 583 1596 insulam
597 1529 638 1596 ab
653 1529 760 1612 Italia,
783 1552 866 1613 quac
879 1529 969 1614 prius
984 1530 1080 1594 unita

254 1655 286 1702 12
323 1633 369 1713 ei,
397 1643 434 1698 ut
455 1631 616 1700 Salustius
638 1635 754 1715 refert,
783 1633 905 1715 fuerat,
933 1631 1080 1698 undeet

255 1759 285 1804 aa
322 1737 386 1802 alio
415 1738 450 1802 in
476 1738 548 1804 loco
574 1761 640 1802 una
666 1738 906 1823 provinciarum
927 1737 995 1802 eius
1019 1760 1080 1822 po-

254 1861 287 1906 14
322 1840 419 1906 nitur.

255 1964 286 2010 15
355 1942 388 2011 8.
435 1942 561 2026 Quarta
583 1954 689 2012 autem
711 1945 785 2010 finis
806 1943 921 2010 Italiae
936 1945 1081 2010 litoralia

255 2067 286 2112 ic
323 2048 427 2114 Ionici
437 2051 546 2132 maris,
562 2047 758 2136 apraedicta
769 2049 899 2116 civitate
910 2047 1017 2135 Regio
1029 2049 1079 2113 in-

256 2169 286 2216 17
324 2153 491 2238 cipicntes,
513 2163 646 2220 extensa
666 2175 724 2239 per
739 2175 795 2218 ora
809 2153 899 2218 sinus
913 2151 1079 2218 Adriatici

359 2367 450 2416 codices
468 2367 540 2430 bfmr.
784 2367 818 2429 cf.
831 2369 890 2414 Rcc.
904 2365 955 2413 293
974 2367 989 2412 9
1003 2381 1042 2427 sq.

326 2475 335 2518 1
359 2474 434 2530 sinus}
452 2475 513 2521 linus
530 2489 560 2520 m.
580 2474 590 2520 ll
606 2475 678 2521 maris
690 2476 800 2520 omittant
811 2489 856 2519 mr.
893 2475 907 2520 3
925 2473 1019 2532 hystrie
1032 2489 1077 2518 mr.

324 2545 338 2590 5
359 2545 461 2590 tirenum
474 2559 495 2604 r,
514 2547 634 2592 thiranum
646 2560 676 2592 m.
732 2547 746 2592 6
765 2544 904 2604 praedictis]
917 2543 1019 2603 prefatis
1031 2559 1078 2590 aar.

326 2617 358 2662 12
386 2621 415 2662 ut
437 2615 557 2662 Salustius
579 2617 663 2672 refert]
687 2621 731 2675 „ut
754 2617 827 2662 stiam
849 2613 978 2662 Sallustius
1002 2615 1078 2661 dicit:

323 2686 409 2734 Italiae
428 2685 538 2734 Siciliam
555 2687 708 2734 coniunctam
731 2691 826 2734 constat
843 2685 933 2734 fuisss“
956 2685 1027 2731 sm.
1047 2685 1082 2731 ad

323 2758 381 2804 Aca.
400 2757 417 2804 3
436 2759 501 2815 Ml,-
528 2759 632 2815 „iratum
656 2755 754 2804 Siciliae
777 2757 842 2816 quod
864 2756 965 2815 Regium
988 2756 1081 2803 dicitur

325 2827 444 2876 Salustius
467 2845 499 2876 cx
516 2829 560 2876 tali
582 2841 654 2874 causa
670 2829 753 2874 vocari
771 2828 866 2883 scribit,
890 2827 972 2874 dicens
988 2826 1081 2874 Italiac

324 2899 382 2946 olim
394 2899 503 2948 Siciliam
521 2901 674 2946 coniunctam
691 2898 781 2945 faisses
800 2899 887 2946 isidor.
900 2899 962 2958 oric.
975 2897 1010 2942 13
1031 2898 1081 2953 18,-

325 2969 460 3025 „Salustius
487 2977 568 3018 autem
595 2970 654 3016 dicit
679 2968 764 3016 Italiac
791 2969 944 3017 coniunctam
968 2967 1082 3016 Siciliam

323 3041 413 3088 nasses
431 3043 518 3090 Isidos.
537 3045 599 3102 orty-
618 3041 652 3086 14
672 3041 701 3096 6,·
721 3053 792 3096 „nam
806 3039 864 3086 olim
875 3040 935 3086 dicit
947 3039 1083 3086 Sallustius

324 3111 419 3159 Italiam
443 3112 540 3162 Siciliae
563 3114 668 3158 iunctam
690 3111 780 3158 fuissc“
814 3109 927 3156 Luctaat.
950 3111 1081 3167 (lactat)

325 3183 358 3228 ccl
375 3183 448 3230 Statii
469 3183 580 3230 Thebaid.
598 3181 615 3230 3
633 3183 685 3229 596
703 3183 763 3229 597.
820 3181 851 3228 13
871 3180 919 3227 alio
937 3181 972 3238 inl
991 3181 1019 3228 in
1033 3181 1083 3228 alio

325 3254 350 3298 in
369 3253 391 3298 b.
448 3256 477 3301 lt
506 3254 580 3302 litora
597 3267 642 3299 aa.
701 3255 733 3300 17
762 3257 861 3303 extensa
877 3265 921 3312 per
938 3265 982 3300 ors
999 3254 1081 3310 sinml

324 3329 418 3369 attonsa
436 3339 479 3384 per
497 3325 557 3371 bora
574 3324 625 3370 ficis
643 3321 664 3380 f.
