2376 3904
319 497 526 564 Politrasolis·

319 598 486 686 Capriaria

321 706 432 770 Axera

318 807 426 894 Spilas

317 912 515 998 Prophelum

110 1047 125 1092 6
320 1013 458 1080 Galliae.
556 1072 559 1077 .

110 1149 126 1193 7
211 1119 252 1184 In
279 1117 411 1184 Oceano
441 1129 548 1185 autem
577 1117 688 1185 Serico
714 1119 828 1186 Indiae
857 1121 922 1186 Ba-

111 1253 127 1297 s
167 1224 311 1288 otrianae
342 1232 374 1287 et
397 1221 532 1308 Caspio,
560 1222 595 1287 id
624 1233 673 1288 est
695 1245 715 1287 a
737 1247 863 1289 summa
884 1247 923 1289 ao

111 1356 127 1400 9
166 1337 313 1393 extrema
334 1337 425 1413 parte
449 1327 708 1412 septentrionali,
737 1337 814 1392 sunt
834 1330 924 1394 insu·

94 1461 128 1505 10
167 1433 219 1496 lae
253 1429 406 1517 Scythiae
439 1431 576 1495 maiores
616 1432 755 1496 minores
788 1455 922 1498 numero

94 1565 126 1608 11
168 1533 374 1622 quindecim„
388 1557 523 1618 quarum
544 1535 674 1598 nomina
693 1535 922 1602 multismodis

95 1667 127 1711 12
167 1639 323 1726 legimus,
357 1637 434 1702 dum
466 1638 608 1722 peccatis
637 1638 875 1725 emergentibus
903 1663 931 1704 a·

94 1769 128 1815 13
167 1742 317 1808 barbaris
340 1752 373 1806 et
395 1741 464 1806 sine
487 1741 559 1828 lege
581 1741 766 1808 nationibus
781 1744 852 1829 ipsa
866 1743 924 1808 do·

94 1873 129 1917 14
166 1847 309 1912 minatur
330 1846 435 1930 patria
450 1854 483 1909 et
496 1845 592 1909 variis
612 1844 778 1910 vocabulis
795 1845 923 1912 easdem

95 1974 128 2019 15
167 1950 292 2040 insulas
317 1951 489 2034 appellant,
513 1958 546 2013 et
567 1947 640 2012 ideo
663 1971 772 2014 earum
794 1952 924 2016 nomina

96 2077 129 2122 16
169 2054 357 2138 reliquimus
381 2052 560 2138 designare.

94 2180 128 2226 17
203 2157 258 2225 30.
303 2156 343 2223 In
365 2159 435 2243 ipso
459 2164 566 2221 autem
581 2153 714 2221 Oceano
734 2159 925 2244 septentrio·

96 2283 130 2328 18
169 2263 236 2326 nali
257 2271 332 2346 post
346 2260 588 2326 Roxolanorum
602 2262 740 2346 patriam
755 2271 805 2327 est
818 2261 925 2327 insula

173 2498 186 2542 l
206 2494 371 2555 pelithrasolis
383 2494 413 2539 B.
469 2495 484 2540 ὓ
503 2492 617 2553 Capiaria
628 2493 692 2550 editi,
711 2488 847 2563 Alyullerv
858 2494 922 2541 Ptol.

172 2565 350 2624 5Perphelum
368 2565 432 2610 editi.
500 2566 514 2610 6
541 2571 597 2622 poet
614 2563 708 2611 Galliae
727 2564 818 2611 eada.
840 2567 869 2611 de
887 2566 924 2611 di-

170 2639 246 2683 versis
270 2636 355 2682 insulis
376 2637 463 2696 sythye
486 2635 586 2682 minoris
607 2641 632 2681 et
653 2636 750 2682 maioris
772 2638 798 2683 in
820 2650 923 2683 occeano

172 2709 248 2754 serico
272 2707 336 2752 indie
358 2706 481 2752 bactriane
504 2711 528 2751 et
552 2706 634 2765 caspio
656 2706 682 2752 id
700 2711 737 2753 est
754 2721 769 2752 a
786 2721 878 2754 summa
895 2721 923 2752 ao

172 2783 280 2824 extrema
307 2781 375 2836 parte
402 2775 590 2836 septentrionali.
667 2778 682 2824 8
711 2783 735 2824 et
757 2777 858 2838 Caspio!
884 2777 924 2822 vei
990 2769 994 2775 ’

171 2850 279 2907 caspium
297 2848 342 2893 AB
360 2848 424 2893 editi.
451 2847 461 2894 ΙΙ
487 2861 565 2893 aom-
578 2848 622 2892 ΑΒ
640 2848 704 2893 editi.
733 2848 743 2893 ll
768 2863 858 2894 summe
871 2848 922 2904 AB,

170 2933 277 2966 summae
296 2919 361 2964 adiu.
388 2918 399 2964 ΙΙ
424 2921 465 2974 ael
490 2919 535 2963 hae
553 2917 601 2965 AG.
668 2921 682 2964 9
710 2926 831 2965 extremae
848 2919 924 2976 partis

170 2989 193 3036 B
212 2989 276 3035 editi.
307 2989 317 3034 ΙΙ
348 2989 533 3048 septentrionale
551 2990 580 3046 A,
608 2989 801 3048 septentrionalis
819 2990 841 3033 B
859 2989 922 3033 editi.

174 3063 206 3107 10
235 3060 307 3106 sithiu
325 3059 353 3118 A,
381 3060 459 3120 syihie
477 3058 525 3106 Bc.
599 3061 631 3105 14
658 3061 726 3106 varia
742 3058 862 3104 vocabula
879 3057 923 3103 AB

172 3131 237 3177 editi.
306 3132 337 3176 16
361 3137 418 3188 posi
441 3131 564 3190 designare
583 3129 602 3176 G
618 3129 674 3176 odd.
694 3131 723 3176 de
740 3129 816 3174 insula
837 3141 924 3174 scanza

171 3204 197 3248 in
216 3203 269 3261 ipso
291 3215 395 3247 occeano
414 3199 594 3260 septentrionali
617 3206 673 3259 post
692 3199 863 3247 roxolanorum
881 3212 924 3257 pa-

171 3274 243 3318 triam
262 3273 353 3332 posita,
379 3286 425 3330 que
449 3279 474 3318 et
497 3274 597 3331 antiqua
614 3271 696 3332 sythia
714 3285 728 3317 a
745 3270 855 3330 plurimis
873 3282 924 3314 oos-

172 3343 311 3402 mographis
329 3343 424 3389 dieitur.
