2530 3902
285 287 338 342 m
977 299 1061 336 omno
1082 290 1124 334 67

308 459 320 504 1
360 437 526 521 provincia
547 435 768 517 Flaminia,
799 457 882 518 quae
910 443 943 499 et
971 433 1042 519 ipsa
1072 434 1123 498 si-

307 560 322 606 2
359 539 478 604 militer
510 563 529 604 a
565 549 751 604 constructa
775 539 830 603 via
863 561 921 623 per
950 537 1122 601 consulem

307 663 322 710 a
359 641 555 708 Flaminium
587 643 652 707 tale
681 665 798 708 nomen
826 642 942 706 sortita
970 651 1029 706 est.
1080 641 1121 704 in

306 767 322 812 4
360 745 422 811 hac
444 747 533 812 circa
552 747 778 831 potentissima
799 753 833 810 et
854 744 1039 810 authentica
1061 767 1121 808 ur-

306 869 321 914 a
359 848 449 914 bium
470 849 534 914 sita
556 849 704 914 consistit
726 849 893 934 Ravenna,
922 849 957 914 in
979 871 1042 933 qua
1064 871 1120 913 re-

307 971 322 1015 e
359 953 528 1035 quiescens
551 953 680 1038 praesul
700 961 733 1018 et
746 961 869 1038 martyr
883 953 1092 1038 Apollinaris.

307 1077 321 1120 r
405 1053 529 1136 Quinta
563 1057 799 1142 provinciarum
833 1056 948 1122 Italiae
976 1058 1120 1121 Anno-

307 1179 322 1224 s
359 1159 450 1223 nica
471 1158 786 1246 Pentapolensis
810 1169 870 1242 est,
897 1181 1117 1247 superquam

307 1283 322 1328 a
361 1262 451 1347 regio
488 1272 537 1327 est
570 1285 653 1347 quae
680 1265 929 1330 castellanorum
956 1263 1120 1349 appellata

291 1389 321 1436 ιο
359 1374 410 1430 est
432 1363 474 1430 ab
495 1367 646 1452 antiquis.

290 1493 321 1537 11
404 1465 505 1534 Sexta
537 1494 557 1535 a
591 1472 688 1538 maris
724 1473 798 1538 sinu
830 1470 992 1538 Adriatici
1023 1470 1119 1534 iuxta

290 1595 322 1640 rt
360 1571 560 1656 praedictam
587 1575 791 1660 Pentapolim
818 1575 985 1661 provincia
1005 1573 1118 1638 Pici-

291 1699 322 1744 1e
360 1698 449 1740 num
472 1674 651 1762 Spoletii
672 1676 912 1744 Sauciensis
935 1686 995 1744 est.

290 1803 323 1848 14
404 1777 550 1864 Septima
569 1782 738 1868 provincia
758 1781 986 1848 Dardcnsis
1010 1789 1069 1846 est.

290 1904 321 1949 15
393 1880 447 1949 67.
499 1881 627 1950 Octava
657 1885 863 1950 coniunctam
896 1885 1019 1950 habens
1052 1882 1117 1949 sibi

290 2009 322 2054 re
358 1984 518 2072 lapigiam
536 1989 689 2074 asupiori
697 1987 734 2054 id
744 1997 795 2054 est
804 1988 997 2054 occidentali
1007 1987 1117 2074 plaga,

291 2115 321 2158 17
360 2098 393 2154 et
414 2113 435 2153 a
456 2091 613 2175 superiori
641 2091 677 2156 id
704 2101 755 2158 est
783 2092 930 2158 orientali
950 2091 1116 2178 regionem

290 2215 321 2261 rs
359 2191 576 2276 Solentinam‚
610 2217 693 2280 quae
727 2206 760 2261 et
787 2196 907 2262 Locria
937 2195 1115 2279 antiquitus

289 2318 321 2362 rs
360 2295 448 2361 dicta
470 2306 531 2378 est,
558 2300 725 2383 provincia
746 2299 901 2386 Apulia
923 2306 991 2380 est,
1019 2321 1116 2382 quam

289 2419 321 2464 2⁰
359 2399 414 2464 alii
443 2399 486 2464 ob
516 2401 647 2466 nimiam
674 2403 875 2468 fertilitatem
897 2403 1039 2468 omnium
1060 2423 1115 2466 co-

394 2703 487 2748 eodicea
505 2701 536 2763 bf
551 2709 573 2748 ct
591 2704 656 2750 Mus.
807 2704 840 2765 cf.
853 2706 913 2750 Rev.
927 2705 978 2750 247
998 2704 1030 2749 14
1043 2717 1078 2762 sq.

360 2846 373 2887 l
403 2843 534 2890 flamminia
546 2842 572 2904 f.
644 2847 662 2890 4
689 2845 812 2890 autentica
829 2842 856 2903 s,
887 2844 1024 2890 auctentica
1049 2843 1112 2888 Mne.

359 2915 373 2959 6
402 2915 486 2960 martir
505 2912 533 2973 s.
575 2914 585 2960 ΙΙ
622 2914 779 2974 appollinaris
805 2915 870 2960 Μαι.
950 2917 964 2960 7
991 2913 1066 2974 ytalie
1086 2911 1112 2973 f,

357 2985 439 3031 italiae
458 2991 482 3030 et
499 2986 564 3030 Mar.
592 2985 602 3030 ll
627 2984 748 3030 Annorica
767 2985 780 3030 b
798 2986 863 3030 Mar.
914 2985 944 3030 11
970 2991 1027 3043 port
1045 2984 1114 3030 iuxta

357 3056 467 3100 dimidias
482 3070 563 3102 rema
575 3068 662 3100 vocaus
675 3057 699 3100 in
712 3055 734 3100 b.
786 3057 816 3101 12
836 3057 1011 3115 praescriptam
1023 3054 1037 3100 h
1049 3055 1113 3100 Μαι.

359 3127 390 3172 13
419 3126 520 3185 spolecii
544 3125 673 3172 sausiensis
699 3125 764 3170 Μαι.
846 3127 878 3172 16
905 3126 1025 3186 rapigiam
1050 3126 1112 3170 Mea.

356 3197 366 3242 ΙΙ
382 3198 485 3254 supicril
520 3197 638 3255 superiori
664 3195 729 3242 Moe.
814 3197 845 3244 18
879 3195 1022 3244 salentinam
1049 3196 1112 3242 Μαι.

360 3267 392 3313 10
421 3268 486 3313 omni
504 3268 567 3312 Moz.
