2358 3906
68 324 100 370 iv
119 325 152 372 37
845 321 899 375 293

86 495 97 539 1
136 471 227 535 inter
254 466 458 534 Carontanos
493 479 525 534 et
552 445 696 552 Italiam,
729 471 814 559 inter
840 493 897 556 pa-

85 599 99 643 s
136 575 235 638 triam
257 571 413 638 Carnium
443 582 476 637 et
498 571 641 652 Italiam3
671 573 758 658 quod
785 575 898 660 iugum

85 705 99 750 3
138 675 297 742 Carnium
309 675 478 742 dicebatur
488 675 529 742 ab
542 677 682 761 antiquis
693 677 789 762 Alpis
801 676 895 742 Iulia.

85 809 101 852 4
138 783 199 866 qui
225 787 353 846 montes
382 780 530 845 finientes
558 780 663 865 ipsam
684 779 813 845 Italiam
842 779 898 845 da·

87 911 100 957 5
139 884 302 950 scendunt
331 907 371 948 ex
398 893 490 970 parte
519 883 561 949 ad
583 905 671 948 mare
692 883 898 948 Adriaticum

87 1013 102 1058 a
139 1011 208 1052 non
227 989 326 1075 longe
355 1011 375 1052 a
404 988 534 1052 civitate
556 987 747 1052 Tharsatico
769 987 899 1072 provin-

88 1119 102 1163 7
143 1093 212 1156 ciac
233 1091 411 1157 Liburniae
439 1091 473 1156 in
499 1091 571 1156 loco
595 1091 650 1175 qui
673 1089 792 1155 dicitur
813 1090 899 1156 Pha-

89 1224 104 1269 s
140 1219 210 1260 nas.
249 1219 269 1258 a
291 1193 433 1260 secundo
456 1203 564 1259 autem
585 1195 685 1259 latere
706 1192 806 1257 habet
827 1194 899 1278 ipsa

90 1327 104 1372 9
142 1299 240 1364 Italia
265 1297 364 1363 finem
398 1297 600 1383 praedictum
628 1321 716 1362 mare
743 1319 898 1384 magnum

76 1431 105 1476 10
141 1402 357 1484 Adriaticum,
381 1403 472 1466 cuius
493 1401 587 1466 litore
601 1403 732 1487 ponitur
746 1401 818 1486 ipsa
832 1399 899 1465 Ita·

77 1535 105 1580 11
143 1508 196 1589 lia,
219 1529 323 1590 usque
346 1505 388 1570 ad
405 1505 596 1590 completam
614 1505 761 1591 superius
777 1503 898 1570 dictam

78 1638 107 1684 12
142 1611 341 1697 provinciam
358 1609 502 1674 ¹latriam.
541 1631 560 1672 a
581 1611 678 1674 tertio
698 1632 775 1673 vero
796 1610 898 1674 latere

78 1739 108 1786 13
144 1715 242 1780 habet
269 1715 341 1798 ipsa
363 1712 459 1776 Italia
486 1712 584 1776 finem
610 1713 790 1796 praefatum
811 1734 899 1792 mare

80 1845 109 1890 14
145 1817 319 1899 Gallicum,
343 1817 434 1881 cuius
455 1816 547 1880 iuxta
568 1815 663 1881 litora
683 1817 814 1901 ponitur
828 1817 901 1901 ipsa

80 1945 109 1990 15
144 1922 257 2004 Italia,
284 1941 388 2004 usque
418 1919 460 1984 ad
483 1941 581 2004 supra
602 1919 740 2004 scriptos
762 1928 899 2002 montes,

81 2047 110 2093 is
146 2029 199 2111 qui
224 2023 391 2105 dividunt,
413 2033 451 2087 ut
473 2022 631 2104 diximus,
659 2023 744 2087 inter
757 2022 901 2110 Viginti-

82 2149 110 2194 17
145 2129 233 2194 milia
248 2137 281 2192 at
305 2127 469 2192 civitatem
483 2125 622 2192 Nicsam
642 2126 827 2211 provinciae
842 2124 901 2192 Sc·

82 2255 111 2301 18
144 2235 316 2319 ptimanae.
369 2254 388 2294 a
417 2237 531 2314 quarto
564 2251 641 2294 vero
673 2231 774 2295 latare
802 2229 902 2296 habet

147 2399 158 2442 l
189 2397 252 2441 inter
271 2395 342 2451 (aaa
363 2391 528 2448 Carontanos)
555 2407 599 2437 om.
619 2394 647 2437 A.
675 2393 684 2438 ΙΙ
710 2397 853 2438 carantanos
871 2394 900 2448 A,

144 2471 288 2514 carantanos
303 2463 331 2522 G,
349 2477 411 2510 nanc
424 2463 558 2509 Karnthen.
577 2464 587 2508 ΙΙ
604 2467 642 2520 etl
656 2469 681 2509 et
693 2469 717 2509 et
728 2463 758 2509 B.
808 2464 823 2508 2
843 2461 901 2508 Car-

142 2538 219 2594 nium}
229 2541 372 2582 carnuntum
386 2533 586 2591 G5nnncK1-ain.
606 2534 615 2579 ΙΙ
632 2539 657 2579 et
666 2535 747 2580 om.B.
766 2534 775 2579 ΙΙ
791 2533 860 2579 italia
869 2533 899 2578 Β.
992 2570 999 2580 .

143 2608 153 2655 ΙΙ
166 2609 239 2667 quod]
259 2609 295 2652 sic
308 2605 335 2664 G,
361 2619 407 2664 quc
423 2603 493 2663 ABG,
518 2617 578 2662 quae
597 2603 663 2649 editi.
682 2603 691 2650 ΙΙ
708 2606 805 2664 iugum}
824 2606 858 2650 sic
872 2604 899 2661 G,

143 2680 215 2737 iugus
234 2675 307 2733 ABG,
336 2677 394 2736 iuga
411 2676 476 2721 cdiii.
549 2676 563 2720 3
592 2673 719 2732 Carnium]
748 2675 846 2721 carnich
871 2674 899 2721 G.

143 2751 153 2795 ΙΙ
168 2749 294 2795 dicabatur
317 2761 362 2793 om.
386 2747 408 2791 B
432 2747 497 2792 aditi.
527 2744 537 2791 ΙΙ
567 2747 597 2792 ab
621 2759 666 2792 om.
692 2744 716 2794 0.
744 2746 754 2792 ΙΙ
780 2747 899 2804 antiquis]

144 2821 280 2879 antiquitus
299 2817 343 2865 BG
359 2817 424 2863 editt.
479 2818 494 2862 4
519 2817 574 2876 qni]
593 2831 665 2874 quam
682 2816 731 2863 Bc.
788 2818 801 2862 6
825 2822 902 2863 tarsa-

144 2893 194 2938 tico
212 2891 235 2936 B
254 2889 319 2945 editi,
343 2887 377 2949 cf.
391 2887 442 2934 224
463 2887 487 2933 8.
552 2889 566 2933 7
594 2887 701 2943 Phanas}
720 2888 798 2934 Panas
817 2886 901 2943 Gnido,

143 2975 205 3008 mma
224 2961 333 3006 Fianona
355 2961 380 3004 in
398 2962 451 3005 aina
469 2957 603 3004 iianatico.
683 2960 713 3004 11
741 2959 774 3005 ad
796 2971 841 3003 cm.
861 2955 905 3003 Bc

144 3033 209 3079 aditi.
238 3033 248 3077 ΙΙ
275 3030 371 3090 coplata
383 3031 413 3076 Β.
464 3030 495 3076 12
514 3031 614 3087 ystriam
626 3027 676 3074 BC.
726 3031 758 3074 14
776 3029 861 3074 littora
872 3028 901 3085 A,

143 3103 266 3158 littoreB,
285 3101 357 3148 litora
375 3101 439 3148 editi.
497 3098 527 3146 lb
547 3101 579 3146 ad
597 3100 677 3145 om.B
693 3099 759 3145 aditi.
815 3101 846 3143 16
865 3098 903 3143 vi·

145 3173 304 3235 gintimilium
324 3172 352 3218 G.
426 3174 458 3218 17
487 3171 585 3216 civitate
604 3171 627 3216 B
645 3170 710 3216 editi.
738 3171 747 3216 ΙΙ
772 3171 842 3215 nicaa
858 3168 902 3214 AB

145 3245 211 3292 editi.
239 3245 250 3289 11
277 3242 439 3304 septimaniae
458 3242 531 3288 Groa.
545 3243 570 3287 1.
591 3242 606 3286 2
626 3241 710 3288 Gnido.
772 3242 803 3285 18
831 3242 901 3296 varo]

145 3329 250 3376 namque
268 3314 313 3359 AB
331 3315 396 3371 aditi,
416 3319 496 3360 autem
517 3312 543 3368 G,
563 3312 662 3374 reliquis
679 3313 784 3358 mutatis.
