2408 3892
263 303 315 356 540

284 481 296 522 1
485 453 682 539 Appollonia

282 581 297 626 1
485 558 613 642 Apsum

283 685 298 732 a
485 657 634 725 Genesis.

283 789 299 834 4
363 761 436 830 113.
480 763 676 849 Epidaurus,
693 783 775 848 quae
791 764 1095 845 nunoDiraohium,

284 889 299 937 5
336 867 532 952 amplissima
546 867 622 931 olim
645 887 684 932 11
702 865 928 932 famosissima.
974 868 1060 933 11111
1074 891 1094 932 1

285 995 299 1040 a
337 968 433 1034 Zitho
458 970 556 1035 fratre
578 971 772 1057 Amphionis
803 970 951 1053 condita,
979 973 1095 1037 inven-

285 1100 300 1144 7
336 1081 406 1137 tore
434 1073 557 1139 soilioet
585 1075 681 1156 lirae,
711 1073 797 1138 inter
823 1083 931 1139 cetera
961 1075 1012 1139 sui
1042 1098 1094 1138 or·

285 1195 300 1239 s
336 1186 431 1242 natus
453 1177 643 1264 Asclepium
671 1177 823 1244 habuisse
851 1179 963 1244 fertur.
1008 1200 1094 1262 quae

285 1299 299 1343 1
336 1278 414 1344 dum
446 1304 466 1345 1
494 1281 681 1347 oonsulibus
710 1280 931 1346 Romanorum
958 1304 1018 1366 per
1049 1282 1094 1346 le-

269 1403 300 1449 11
336 1393 430 1470 gatos
451 1394 641 1470 posceretur
662 1395 700 1451 ut
721 1385 783 1450 sibi
806 1371 848 1449 de
870 1385 1096 1470 prestantiori-

270 1507 300 1552 11
336 1486 399 1553 bus
422 1488 488 1554 suis
508 1488 645 1576 insignis
668 1487 790 1573 aliquid
810 1489 992 1575 largiretur,
1014 1486 1094 1552 dum
1194 1525 1195 1542 1

270 1611 300 1656 11
337 1590 533 1656 arbitrantur
545 1613 579 1656 se
592 1591 977 1678 susceptoriAsolepium,
993 1590 1093 1656 draco

270 1717 301 1763 13
337 1695 575 1761 inmanissimus
598 1694 771 1761 adveniens
798 1717 869 1760 eam
889 1693 1092 1760 mediatenus

270 1820 302 1865 14
338 1801 430 1882 quasi
458 1799 602 1864 salutans
630 1799 833 1884 pertransiit,
867 1821 905 1864 11
932 1799 1094 1864 neminem
1196 1809 1197 1850 ῑ

270 1924 301 1971 11
337 1902 469 1969 laedens
491 1903 525 1967 in
554 1924 650 1988 prora
675 1904 767 1968 navis
788 1903 968 1989 legatarum
990 1913 1094 1968 semet

269 2030 301 2075 11
338 2007 535 2092 composuit,
569 2015 602 2072 et
636 2028 709 2072 oum
739 2008 784 2072 eis
819 2005 956 2072 Romam
989 2030 1094 2092 usque

270 2134 302 2179 17
337 2110 495 2196 perrexit,
526 2132 564 2175 11
594 2111 641 2177 sio
663 2110 801 2176 Romam
823 2119 861 2175 ut
881 2112 1094 2197 praemissum

270 2237 302 2284 11
338 2224 388 2280 est
409 2237 468 2300 pro
491 2214 646 2300 Asclepio
675 2212 847 2279 draconem
869 2213 1094 2299 impiissimum

269 2341 301 2386 11
338 2327 414 2383 sunt
437 2316 556 2403 adepti.
605 2317 640 2380 in
669 2339 707 2380 11
736 2337 863 2400 quoque
885 2315 1093 2402 postmodum

269 2443 302 2488 11
339 2429 470 2485 sanctus
492 2419 641 2485 Andreas
664 2421 828 2505 apostolus
854 2443 954 2485 unum
977 2419 1017 2484 de
1041 2443 1093 2486 se-

269 2547 300 2593 11
336 2524 508 2611 ptuaginta
528 2525 682 2609 apostolis
711 2524 898 2610 episcopum
918 2522 1093 2609 ordinavit,

269 2649 301 2696 11
338 2628 395 2710 qui
409 2628 513 2713 primo
533 2629 660 2693 nomine
676 2625 777 2693 Cesar
797 2626 905 2693 dietus
921 2635 981 2708 est,
1003 2651 1093 2694 nuno

269 2751 301 2797 11
337 2753 413 2796 vero
431 2730 547 2797 Astius
569 2755 590 2796 a
611 2731 734 2797 civibus
757 2730 900 2796 eiusdem
921 2730 1011 2796 urbis
1032 2756 1094 2798 no-

268 2853 302 2898 14
337 2836 491 2913 minatum
527 2835 583 2920 qui
614 2843 785 2920 postquam
819 2856 875 2899 111
909 2833 1093 2903 emundatis

269 2952 301 3000 11
337 2937 540 3024 squaloribus
566 2937 771 3004 tenebrarum
804 2937 847 3004 ad
872 2938 978 3003 lucem
1005 2940 1093 3005 veri-

372 3162 446 3210 oodeoe
464 3163 486 3209 b.
786 3161 820 3224 cf.
829 3163 889 3210 Rav.
902 3164 954 3210 378
972 3165 1007 3211 15
1018 3179 1057 3226 sq.

340 3286 370 3329 19
398 3285 494 3342 adepti]
512 3284 602 3342 adeptu
621 3283 643 3328 b.
