2372 3904
58 337 89 382 111
108 341 139 384 12
830 337 879 391 167

79 511 90 549 1
174 485 232 550 Ad
259 506 410 548 occasum
440 485 525 548 enim
551 484 649 550 habat
677 486 748 570 ipsa
775 486 880 571 portio

81 607 95 649 a
129 586 236 654 Cham
256 590 354 653 finem
368 588 548 673 praefatum
563 588 651 672 quod
664 587 881 674 praediximus

82 711 96 754 s
131 693 249 756 fretum
272 690 611 778 Septemgadiianum,
638 693 695 775 qui
717 693 817 757 currit
839 691 879 758 de

84 813 98 856 4
132 797 211 860 mari
234 817 352 882 magno
373 793 513 877 Gallico,
536 794 623 878 quod
645 797 700 860 aiii
710 796 880 862 Valeriano

86 917 98 960 5
135 897 272 984 Spaniae
300 899 480 984 appellant,
509 922 658 986 mergens
686 901 720 964 in
747 897 879 966 Oceano

87 1019 100 1062 s
134 1003 375 1088 spatiosissima
421 1005 477 1088 qui
501 1005 601 1068 fretus
624 1026 721 1088 super
742 1004 881 1088 scriptus

87 1121 100 1162 ⁷
134 1103 437 1192 Septemgadiiauus
449 1105 575 1188 dividit,
590 1117 627 1172 ut
637 1106 788 1189 diximus,
798 1108 882 1172 inter

88 1221 101 1264 8
134 1209 362 1276 Mauritaniam
397 1219 430 1273 et
460 1208 632 1295 Ispaniam.
685 1234 759 1276 nam
792 1211 880 1276 nullo

89 1325 101 1366 ⁹
136 1313 227 1378 modo
256 1312 297 1378 ab
327 1314 468 1397 antiquis
497 1314 626 1398 quidem
655 1314 777 1380 dictum
804 1313 881 1380 alibi

77 1428 102 1472 1⁰
134 1419 307 1504 reperimus
337 1416 424 1501 quod
452 1416 514 1482 hoo
541 1441 628 1482 mare
650 1441 803 1506 magnum
824 1441 884 1483 no-

78 1532 103 1576 11
136 1531 235 1586 strum
255 1545 315 1606 per
337 1530 438 1586 semei
459 1522 566 1606 ipsum
585 1522 672 1608 apud
685 1523 833 1587 humanis
847 1524 881 1586 in

79 1633 104 1678 12
136 1621 265 1690 Oceano
289 1623 455 1710 optutibus
478 1647 542 1690 non
565 1627 705 1691 societur
727 1627 790 1691 nisi
810 1635 880 1691 tan-

80 1736 105 1782 18
135 1727 297 1794 iummodo
319 1730 353 1792 in
375 1728 449 1810 hon,
471 1727 558 1812 quod
578 1730 725 1814 superius
741 1727 880 1794 diximus

80 1839 107 1882 14
135 1831 212 1914 loco,
235 1834 292 1916 qui
305 1833 407 1898 fretus
422 1831 541 1898 dicitur
552 1829 866 1919 Sapiemgaditanus.

139 2127 150 2169 1
176 2130 229 2170 anie
252 2139 363 2171 occasum
391 2126 434 2170 AB
457 2125 514 2172 editi
541 2124 597 2170 add.
621 2137 744 2172 oceanum.
772 2124 782 2169 ΙΙ
817 2125 881 2170 anim

138 2196 251 2242 medin.
280 2196 290 2241 ΙΙ
310 2201 369 2254 post
381 2197 444 2242 enim
464 2193 566 2241 (laudii
584 2207 721 2242 occeanum.
758 2195 773 2241 2
794 2195 808 2240 3
828 2207 881 2253 pre-

138 2265 206 2312 fatum
239 2267 327 2312 fratum
354 2267 418 2324 quod
447 2268 595 2325 prediximus
620 2267 827 2326 septegaditannm
856 2263 880 2311 0.

139 2337 252 2384 isitium
272 2337 350 2382 om.B
366 2337 454 2383 Porcii.
481 2337 491 2383 ΙΙ
520 2338 573 2396 qui}
593 2338 658 2395 quod
676 2337 741 2383 editi.
796 2335 881 2395 4gal-

138 2405 204 2454 licum
230 2409 283 2454 AB.
328 2407 347 2458 ΙΙ,
381 2407 436 2455 aliis
454 2407 519 2454 editi.
609 2407 623 2454 5
652 2407 789 2466 appellatur
815 2407 879 2462 editi,

139 2478 148 2523 ΙΙ
159 2492 254 2539 vergens
274 2477 317 2524 Ao
332 2493 384 2524 cam
403 2478 517 2524 Gnidum.
566 2479 580 2524 6
600 2481 679 2536 super]
698 2491 742 2537 sup
761 2480 789 2534 A,
808 2491 881 2536 supra

139 2549 195 2595 editi.
218 2549 227 2596 ΙΙ
247 2550 365 2607 scriptus]
379 2549 457 2596 dictus
470 2550 534 2595 editi.
581 2550 594 2593 7
608 2542 816 2608 septamgaditanu
828 2550 878 2594 AB.

141 2620 154 2664 8
170 2621 276 2679 spaniam
288 2618 335 2676 AG,
356 2619 497 2678 Hispaniam
517 2618 581 2666 editi.
637 2621 651 2665 9
671 2619 767 2677 quidam
781 2621 881 2676 dicium}

141 2690 197 2749 quid’
210 2693 302 2737 dictum
320 2691 350 2745 Δ,
370 2692 402 2750 qd
421 2691 511 2737 dictum
529 2691 558 2748 B,
583 2690 648 2748 qnod
666 2688 720 2737 dom
741 2689 764 2746 (J,
790 2691 879 2736 dictum

140 2762 196 2818 quod
208 2763 274 2808 editi.
318 2761 348 2806 11
370 2761 435 2821 apud
447 2775 491 2808 om.
499 2760 523 2808 0.
542 2762 551 2807 ΙΙ
567 2762 685 2808 humanos
694 2763 723 2807 A.
768 2761 799 2808 12
818 2762 881 2820 opti-

139 2833 222 2878 tutibus
242 2831 267 2878 0.
296 2832 306 2877 ii
331 2845 380 2878 non
398 2833 485 2878 scietur
497 2831 567 2890 ABG,
587 2831 690 2887 „influat
706 2833 757 2878 siva
776 2837 882 2890 emergat

139 2902 172 2948 vei
189 2903 332 2962 copuletm‘
353 2902 436 2948 Gnido.
499 2905 529 2949 14
548 2903 616 2948 locus
634 2903 684 2948 AB.
712 2902 722 2949 ΙΙ
747 2909 881 2961 septsmga·

138 2973 217 3020 ditanis
228 2976 258 3031 A,
282 2986 321 3033 pp
339 2975 504 3033 septemgades
516 2975 533 3020 i.
546 2972 676 3030 columnas,
697 2985 756 3032 quas
774 2973 808 3018 ibi
826 2973 881 3018 fixit

139 3043 259 3100 Hercules,
287 3043 353 3090 ultra
381 3058 439 3103 quas
461 3057 510 3092 non
533 3046 582 3090 itur
603 3058 686 3105 marqo
709 3045 730 3090 A
752 3057 798 3089 aea.
817 3057 879 3087 maa.

139 3115 205 3172 ipati
217 3114 446 3173 Septemgaditanus
466 3114 484 3162 ί*
501 3116 569 3161 audii
587 3116 616 3161 da
635 3127 732 3173 europa,
752 3115 781 3160 de
801 3113 880 3173 sythia

139 3199 239 3232 ammosa
259 3186 329 3230 iuxta
346 3184 404 3232 litus
423 3187 520 3232 oacaani
539 3185 732 3245 septentrionalis
751 3186 815 3243 apud
833 3198 881 3228 rar-

138 3257 204 3316 mipts
222 3257 310 3315 posita.
