2404 3896
95 352 186 392 ovino
208 340 239 384 10
879 333 933 386 455

122 510 138 554 1
176 505 281 569 usque
307 482 350 548 ad
373 481 632 548 coniunctionem
658 480 761 546 litoris
785 482 931 568 superius

120 611 140 656 a
178 587 286 654 diotae
307 587 492 673 provinciae
515 585 671 650 Histriae.
759 616 766 632 ·

121 715 140 759 s
211 690 242 758 l).
288 689 452 758 Scarilum
475 712 551 754 vero
574 688 718 754 eiusdem
732 688 845 754 Italiae
860 693 933 775 qui-

120 823 141 863 4
177 793 254 860 dam
274 794 460 880 philosophi
474 793 626 860 dixerunt
638 793 825 858 inmanitate
838 795 933 882 fungi

122 921 139 968 s
177 898 331 980 modum,
344 897 398 962 alii
412 919 540 982 quoque
555 917 691 984 graecae
704 897 830 961 litterae
845 899 933 964 simi·

122 1029 139 1072 e
177 1001 365 1083 litudinem,
394 1001 540 1066 nonnulli
566 1001 662 1066 etiam
683 1010 836 1084 tanquam
858 1025 933 1087 pro-

123 1131 139 1176 1
177 1106 318 1170 miseuos
340 1105 443 1170 flexus
467 1105 632 1169 eonohilae
654 1106 806 1186 marinae,
833 1107 932 1172 ceteri

123 1239 139 1282 8
178 1217 287 1273 autem
301 1211 336 1274 in
351 1209 482 1274 modum
502 1209 628 1296 palmae
643 1208 781 1274 hominis
797 1210 849 1274 vel
863 1211 932 1276 folii

123 1341 139 1385 9
176 1313 310 1398 platani.
363 1313 481 1377 dieitur
509 1313 594 1376 enirn
623 1311 710 1396 quod
738 1337 758 1377 a
778 1314 932 1398 praefatis

103 1444 139 1489 10
178 1416 319 1502 Alpibus
334 1418 451 1482 scarifo
465 1417 558 1503 fungi
573 1415 742 1498 ambiatur,
765 1441 785 1481 a
799 1417 932 1484 meridie

103 1547 138 1592 11
179 1530 212 1585 et
234 1543 323 1585 mare
345 1519 485 1609 Gallico,
502 1529 656 1604 tanquam
678 1520 786 1585 littera
808 1544 933 1588 summa

103 1647 139 1694 rs
177 1623 378 1707 terminetur,
402 1647 421 1689 a
443 1647 530 1690 mare
546 1623 657 1689 Ionioo
673 1631 705 1687 et
720 1625 842 1689 oriente
856 1649 933 1711 pro-

103 1751 139 1796 1a
178 1737 252 1813 pter
274 1729 421 1794 sinuosos
439 1728 542 1794 flexus
557 1728 655 1793 maris
669 1727 770 1792 veluti
785 1729 933 1794 oonehila

104 1853 140 1898 14
178 1831 346 1919 figuretur,
368 1855 464 1918 porro
486 1855 506 1897 a
528 1831 770 1918 septentrionali
789 1842 881 1918 parte
895 1841 933 1898 ut

103 1957 138 2004 15
178 1937 286 2022 palma
322 1936 459 2002 hominis
503 1935 555 2000 vel
597 1935 710 2000 folium
747 1933 933 2024 depingitur

103 2065 139 2110 re
176 2041 308 2126 platani.

105 2169 139 2212 17
209 2142 282 2229 (10.
327 2143 450 2209 Verum
464 2144 578 2209 Italiae
593 2143 773 2230 longitudo,
793 2167 875 2228 quae
891 2143 931 2210 ab

106 2271 140 2316 18
180 2249 332 2336 Augusta
342 2247 509 2312 Praetoria
519 2270 577 2333 per
589 2247 712 2314 Urbem
724 2245 932 2334 Capuamque

105 2375 140 2421 19
180 2352 357 2439 porrigitur
389 2374 491 2435 usque
525 2351 567 2416 ad
599 2350 754 2437 oppidum
781 2352 932 2440 Regium,

105 2481 141 2528 so
181 2455 288 2522 decies
304 2463 440 2521 centena
454 2464 486 2520 et
500 2456 617 2542 viginti
629 2479 784 2542 passuum
799 2456 932 2543 colligit,

104 2588 138 2634 11
179 2560 329 2644 latitudo,
351 2559 407 2626 ubi
422 2560 605 2646 plurimum,
628 2558 863 2648 quadringenta
878 2559 933 2624 de·

215 2792 307 2840 codices
326 2791 400 2856 bsmr.
458 2791 492 2854 cf.
504 2793 565 2840 Rau.
579 2792 629 2839 294
650 2793 726 2854 8sq.‚·
744 2793 821 2840 Solio.
840 2807 861 2840 c.
872 2793 896 2838 2.

181 2901 194 2947 1
215 2899 306 2946 littoris
331 2913 362 2956 m,
389 2898 482 2946 littoris
509 2914 530 2946 r.
585 2901 600 2946 3
625 2899 750 2956 sesrlfuml
768 2896 932 2959 cariphums.

178 2978 194 3018 4
215 2970 364 3031 phylosophi
385 2983 409 3015 m
432 2969 470 3016 lie
493 2975 516 3016 et
537 2969 614 3032 infra.
640 2970 650 3016 ll
675 2970 800 3016 imanitste
821 2985 852 3027 m,
879 2967 932 3015 scil.

174 3056 225 3102 pro
243 3042 269 3087 in
286 3041 414 3088 amanitae.
481 3043 495 3088 6
521 3041 605 3098 etiam}
625 3047 649 3088 et
666 3055 696 3090 m.
762 3043 776 3086 7
803 3039 883 3086 felxus
901 3054 932 3086 m.

180 3115 195 3160 9
225 3112 341 3172 predictis
357 3110 383 3172 s.
440 3113 471 3158 10
500 3113 603 3160 sesrinfo
616 3111 642 3172 f.
699 3111 728 3158 11
758 3113 857 3167 summa]
877 3112 893 3156 t.
912 3123 931 3155 e.

179 3185 267 3244 sigma.
341 3184 371 3229 17
399 3182 489 3230 Verum
507 3215 542 3224 -
559 3184 610 3230 lto
640 3185 655 3230 7
683 3187 784 3228 centena
808 3183 877 3238 eunt]
905 3193 934 3226 ee

179 3253 260 3302 solas
278 3267 331 3312 cap.
342 3252 365 3300 2.
440 3256 471 3300 17
500 3259 602 3314 ungusta
625 3253 647 3299 b.
722 3255 754 3300 19
782 3253 894 3312 dirigitur
911 3249 933 3297 t.

181 3327 215 3373 2⁰
244 3327 369 3385 passuum]
388 3323 456 3372 milia
473 3337 587 3385 passuum
605 3323 710 3372 Solinus.
