2404 3896
89 367 175 402 cvmo
196 356 228 402 48

108 527 120 570 1
310 500 459 586 Tyanum
482 501 701 567 Mauricinum

105 632 121 675 2
310 601 424 669 Ceium

105 737 120 780 3
307 707 530 774 Interbonium

104 840 121 883 4
309 808 486 878 Corfinium

105 942 119 987 5
307 915 517 1000 Mopsumecs

104 1045 119 1090 6
308 1016 462 1085 Oerfcnas

104 1148 119 1192 7
307 1118 471 1186 Sulmcna.
556 1163 557 1168 κ

103 1251 118 1296 8
188 1223 241 1292 47.
286 1224 369 1290 Item
390 1223 469 1290 urbs
492 1229 600 1311 Arpos
624 1248 720 1309 quam
734 1224 934 1290 Diomedes.

103 1355 118 1400 9
156 1337 233 1412 post
253 1328 370 1393 Troiae
399 1328 545 1394 condidit
573 1328 736 1396 excidium
756 1331 847 1395 iuxta
869 1329 912 1393 si·
944 1321 950 1340 “

86 1459 118 1504 10
158 1455 235 1495 num
258 1430 473 1496 Adriaticum.
518 1433 551 1498 iu
575 1455 639 1516 qua
663 1481 756 1498 .....
897 1433 899 1436 ’

86 1563 116 1606 11
306 1534 446 1599 Luceria
468 1535 585 1602 nobilis
608 1539 760 1623 cpidenta

86 1665 117 1710 12
304 1638 417 1704 Ecana
438 1661 520 1723 quae
543 1663 630 1704 nunc
652 1641 751 1706 Troia
772 1647 909 1702 vocatur

86 1769 117 1813 18
305 1739 468 1808 Pandesia
490 1765 571 1826 quae
595 1766 680 1808 nunc
703 1742 831 1808 Bibina.

86 1869 117 1914 14
199 1845 282 1909 Item
309 1843 500 1910 duodecimo
528 1847 664 1912 miliario
693 1847 734 1913 ab
756 1845 835 1912 urbe
859 1841 910 1910 Si-

84 1971 116 2017 15
158 1947 256 2030 baris,
280 1971 361 2034 quae
384 1972 470 2014 nunc
484 1951 579 2016 Baris
602 1949 731 2032 dieitur,
753 1973 811 2036 per
833 1971 909 2013 con-

85 2075 116 2119 16
157 2061 293 2117 stratam
315 2054 479 2137 antiquam
501 2055 579 2120 urbs
601 2054 782 2119 Butuntum
806 2062 864 2118 est.

84 2179 116 2240 11
305 2155 421 2221 Rubus

83 2283 116 2328 18
305 2258 412 2326 Sudas

84 2386 116 2430 19
307 2361 493 2429 Canusium.
530 2367 564 2430 in
586 2367 647 2430 hac
670 2366 746 2430 clim
771 2411 863 2426 .....

82 2486 117 2533 20
188 2466 241 2536 48.
288 2466 371 2532 Item
400 2468 488 2534 haud
514 2470 610 2556 longe
641 2493 661 2533 a
690 2469 819 2534 civitate
841 2468 906 2532 Bu·

192 2665 283 2712 eodicca
302 2664 374 2726 bfmr.
603 2665 636 2727 cf.
649 2667 708 2712 Rue.
721 2666 771 2711 281
791 2666 825 2712 13
837 2681 872 2726 aq.

156 2773 168 2816 l
189 2771 307 2830 Tyanuml
320 2772 416 2818 tiarium
428 2786 458 2828 m,
478 2773 576 2821 tretium
587 2786 610 2818 r.
664 2773 679 2818 4
698 2771 849 2831 corphinium
861 2785 905 2817 mr.

154 2843 318 2901 dcci-phanau
331 2857 376 2899 mr,
395 2840 534 2902 cersenoss.
581 2843 787 2904 8dyomedeem.
833 2843 907 2902 98]-

153 2927 210 2959 num
217 2910 243 2972 s.
282 2915 313 2958 10
328 2920 385 2972 post
397 2914 422 2959 in
436 2927 482 2971 qua
494 2927 589 2959 uacuam
600 2916 702 2974 spatium
713 2915 782 2959 caiae
791 2927 871 2958 uersae
883 2911 904 2957 b.

155 2985 186 3028 11
214 2983 312 3030 lucerna
323 2981 349 3044 f,
377 2983 463 3030 lucena
481 2984 503 3030 t.
569 2985 600 3030 12
628 2991 699 3032 etam
710 2982 736 3042 f,
765 2984 844 3030 acaria
861 2996 905 3027 mr.

153 3055 163 3099 ΙΙ
176 3055 249 3110 troia]
273 3055 336 3100 tidie
347 3053 373 3115 f,
401 3057 525 3100 etiamnum
543 3055 623 3114 TroJa.
689 3055 720 3100 13
744 3060 801 3112 pest
818 3053 907 3100 Bibiua

153 3127 255 3184 spatium
276 3128 345 3171 unias
367 3139 448 3172 aereas
471 3131 494 3170 et
516 3125 607 3173 dimidii
634 3127 656 3172 b.
724 3125 816 3170 14-16
846 3123 907 3168 ltcm

154 3195 315 3254 -antiquam
343 3211 388 3242 om.
407 3197 466 3242 Rae.
540 3199 572 3243 14
600 3197 754 3252 duodecimo}
783 3201 831 3240 xn⁰
861 3207 906 3238 mr.

157 3267 187 3312 19
215 3269 241 3312 in
258 3267 304 3312 hac
322 3267 381 3314 olim
398 3269 509 3313 omittunt
525 3281 575 3323 mm·
598 3270 622 3313 ia
647 3267 660 3313 b
683 3267 788 3325 sequitur
806 3266 906 3323 apetium
925 3291 927 3295 ·

154 3340 226 3383 triam
243 3351 350 3384 aarum
370 3344 392 3409 et
410 3337 509 3383 dimidii.
