2410 3904
250 313 302 406 'ao

288 525 299 567 1

287 626 301 671 2

288 731 302 776 3

286 834 302 879 4

288 938 302 982 5

288 1040 302 1084 6

289 1146 302 1188 7

288 1250 303 1294 8

289 1353 303 1396 9

273 1456 303 1500 10

273 1561 302 1603 11

274 1662 304 1708 12

273 1765 304 1810 18

274 1868 305 1913 14

273 1974 304 2021 1⁶

274 2078 305 2123 10

274 2182 305 2226 17

274 2284 305 2329 18

273 2384 304 2430 19

272 2487 304 2532 20

1027 354 1088 400 Π8

381 498 421 563 111
445 521 508 582 qua
523 497 668 562 Arabum
689 499 794 582 patria
811 521 851 562 ex
866 497 997 564 Oceano
1020 523 1090 563 me-

338 601 461 666 ridiano
488 602 673 688 pertingens
701 603 858 667 maximus
887 604 974 668 sinus
1002 604 1090 668 Ara·

338 706 430 771 bicus
454 728 524 769 esse
547 703 749 786 describitur,
779 707 833 789 qui
857 716 889 770 et
910 729 995 770 mare
1019 706 1090 772 Ru-

339 809 432 874 brum
456 831 526 873 esse
549 808 780 872 manifestatur.

372 911 405 981 8.
450 912 534 976 Item
563 911 604 976 ad
625 921 749 996 partem
778 913 869 995 quasi
898 915 1091 998 septentrio-

339 1016 454 1096 nalem,
477 1017 567 1080 iuxta
580 1016 743 1102 regionem
759 1038 855 1099 quam
872 1016 1090 1101 praediximus

338 1119 547 1200 Parthorum,
580 1128 630 1184 est
662 1119 766 1203 patria
797 1141 877 1202 quae
911 1121 1093 1205 appellatur

339 1223 524 1309 Hyrcaniae
552 1223 651 1286 sinus.
703 1243 784 1306 quae
812 1222 979 1308 Hyrcania
1011 1222 1092 1287 dum

340 1328 373 1391 in
395 1327 528 1412 longum
549 1327 694 1411 ponitur,
723 1326 819 1391 ctiam
848 1348 921 1390 cum
943 1328 1092 1412 superius

340 1428 428 1494 dicta
442 1428 537 1494 India
551 1428 663 1496 Serica
677 1428 870 1516 adiungitur.
906 1453 986 1514 quae
1001 1429 1093 1516 Hyr-

341 1534 433 1598 cania
453 1532 552 1597 habet
572 1533 764 1619 provincias,
785 1532 820 1597 id
842 1543 891 1598 est

491 1636 697 1701 Mardianum

490 1741 675 1806 Derbiceon

492 1841 654 1910 Cadusion

490 1948 599 2012 Eroon

491 2051 570 2117 Issis

491 2154 600 2220 Esidis
623 2153 768 2241 Scython

491 2259 570 2323 Ytio
593 2258 739 2346 Scython

492 2361 613 2428 Sacens
635 2361 781 2450 Scython

491 2467 655 2553 Tapurion

343 2632 354 2674 1
376 2630 502 2675 araborum
523 2629 549 2673 A.
596 2630 609 2672 7
630 2627 778 2685 Parthorum}
796 2629 899 2687 patriam
918 2629 946 2673 A.
966 2628 975 2672 ΙΙ
995 2633 1032 2672 cat
1050 2640 1094 2686 pa·

339 2699 386 2746 tria
405 2713 466 2757 quac
489 2713 533 2744 om.
547 2699 575 2742 A.
629 2699 644 2744 8
671 2700 768 2758 yrcanic
786 2699 837 2754 AB,
866 2704 888 2744 at
906 2700 940 2744 sic
959 2697 1093 2757 aliquoties.

340 2769 349 2815 11
362 2783 435 2829 synna
453 2769 480 2813 A.
537 2769 569 2815 10
594 2769 671 2828 syrica
688 2770 717 2826 B,
742 2770 835 2829 syriaca
853 2769 888 2825 A,·
911 2782 986 2827 capra
1004 2768 1038 2814 45
1057 2768 1091 2813 15

340 2841 427 2885 rectia-5
437 2837 519 2886 Serica
536 2839 546 2884 0
562 2839 725 2899 adiunguntur
735 2841 785 2885 AB.
825 2840 855 2885 12
874 2839 1017 2885 Mardiaucn
1027 2839 1092 2895 editi,

340 2909 463 2956 Mardiaue
485 2909 541 2955 Tab.
588 2911 620 2954 14
644 2911 776 2956 omousion
794 2911 816 2956 B
835 2910 898 2955 editi.
945 2910 976 2956 15
996 2909 1092 2964 Erconl

340 2980 430 3027 Hiroac
452 2979 525 3026 Tot]
573 2981 604 3026 10
623 2980 668 3026 Issi
687 2980 750 3026 Plio.
801 2983 832 3027 17
857 2981 930 3026 acidis
949 2980 1045 3026 scithcn
1062 2981 1091 3036 B,

340 3051 412 3097 scidis
431 3051 512 3097 sithon
530 3053 558 3109 A,
581 3051 719 3098 Essedones
739 3050 844 3112 Scythae
866 3051 921 3097 Tah.¹
980 3052 1011 3097 18
1039 3050 1092 3110 ytic

339 3122 420 3169 sithon
432 3123 461 3179 B,
480 3122 532 3182 ytio
551 3122 640 3168 sithion
652 3123 680 3178 A,
700 3121 757 3169 Otio
770 3121 874 3182 Scythae
897 3121 952 3167 Tae.
1000 3123 1032 3168 19
1056 3135 1094 3166 sa-

340 3205 396 3239 cam
408 3193 498 3239 sithion
516 3193 545 3249 B,
569 3205 652 3238 racem
670 3193 750 3239 aithon
770 3195 797 3250 A,
819 3191 896 3252 Sagae
910 3191 1014 3252 Scythae
1037 3192 1092 3237 Ta&

339 3265 349 3310 ΙΙ
363 3277 445 3310 saccus
464 3264 544 3310 sithcn
563 3269 617 3308 anta
634 3263 686 3321 ytio
705 3263 795 3310 sithion
809 3265 880 3322 ponit
896 3265 925 3309 A.
982 3263 1013 3309 00
1042 3265 1093 3312 Τα-

339 3328 462 3404 πούρειοι
480 3339 503 3379 at
524 3327 659 3401 Τάπουροι
677 3333 741 3379 Ptol.
