2464 3896
271 335 322 378 vul
602 337 754 380 rusmnrro.

268 480 404 546 diversis
433 486 454 544 a'
480 479 628 546 manibus
656 480 873 565 conscriptos3
908 479 1008 543 veluti
1038 481 1087 543 in-

270 601 348 678 sunt
379 589 545 656 Ciceronis
574 589 655 657 Cato
684 592 801 672 maior,
830 593 989 656 somnium
1017 589 1088 656 Sci·

270 706 386 791 pionis
402 705 563 770 orationes
578 704 752 769 nonnullae
769 745 810 754 -
829 703 950 788 scripta
964 703 1088 787 aliquot

268 817 440 882 Francisci
450 815 645 880 Petrarchae
661 825 693 879 et
704 814 834 880 Nicolai
849 814 889 878 de
903 813 1087 902 Clemangis

271 969 312 980 .-
342 925 552 1014 Hildegardis
582 926 750 1013 prophetie
780 969 820 976 -
844 925 1007 992 Leonardi
1033 927 1088 991 Iu-

271 1040 402 1106 stiniani
427 1039 547 1104 Veneti
582 1039 643 1102 viri
676 1038 805 1123 patricii
834 1035 948 1103 Oratio
978 1038 1088 1104 habita

269 1153 304 1216 in
326 1153 438 1216 funere
459 1150 574 1216 Karoli
595 1149 676 1214 Zeni
698 1173 727 1213 a.
747 1149 842 1231 1418,
864 1150 936 1214 alia.

315 1263 442 1328 Harum
459 1263 600 1348 partium
610 1261 764 1326 vicesima
781 1262 928 1346 septima,
944 1283 1027 1327 saec.
1036 1282 1087 1327 xlv

268 1376 322 1440 vel
345 1396 397 1457 xv,
419 1373 607 1440 inscribitur
635 1371 911 1460 „Cosmographia
931 1373 1087 1460 ligydiote

270 1487 372 1574 geniti
386 1487 421 1552 in
436 1487 565 1551 civitate
581 1485 769 1551 Ravenna“.
793 1487 834 1549 cf.
851 1486 978 1550 Haenel
994 1486 1087 1550 catal.

268 1622 302 1683 p.
315 1599 380 1666 534
391 1598 422 1663 b.
449 1597 664 1684 „ligydiotae“
684 1620 800 1662 nomen
816 1607 1002 1684 corruptum
1017 1621 1086 1662 esse

269 1733 310 1775 er
321 1710 486 1776 vocabulis
500 1710 596 1792 „licet
606 1707 725 1774 idiota“
736 1709 812 1794 (IV,
821 1711 873 1777 31.
884 1709 1000 1794 p.258,
1008 1709 1038 1776 3.
1050 1710 1086 1794 4)

271 1824 396 1886 monuit
410 1821 518 1887 Maria
533 1819 719 1885 Armandus
730 1821 899 1887 Pascbalis
914 1820 1088 1904 d'Avezac‚

271 1935 363 1998 ouius
386 1933 578 2021 benignitati
601 1933 748 1998 notitiam
771 1933 866 1999 huius
890 1933 1012 1999 codicis
1034 1933 1089 1998 de—

270 2044 394 2111 bemus.
452 2046 596 2111 continet
623 2044 724 2109 libros
750 2045 898 2127 tertium,
930 2055 1089 2128 quartum,

271 2157 419 2240 quintum
453 2158 613 2221 auctiores
647 2177 743 2239 quam
777 2157 811 2220 in
841 2159 898 2220 AB
927 2156 1087 2242 leguntur.

270 2267 357 2331 hunc
387 2266 531 2333 codicem
561 2269 595 2332 in
624 2289 720 2334 usum
745 2277 891 2332 nostrum
914 2269 1088 2333 accuratis-

269 2380 349 2444 sime
373 2380 514 2444 excussit
538 2377 673 2445 Carolus
688 2379 876 2445 Ludovicus
892 2379 991 2461 Roth,
1014 2403 1088 2465 pro-

270 2491 372 2555 fessor
393 2491 592 2556 Basilicusis.

316 2603 450 2668 Praeter
472 2612 538 2669 tres
569 2626 649 2687 quos
672 2601 768 2667 modo
791 2604 1013 2669 recensuimus
1035 2626 1089 2668 co·
1189 2687 1192 2696 ι

271 2715 362 2780 dices
391 2717 515 2781 nullum
538 2715 737 2782 Ravennatis
766 2713 895 2806 librum¹
913 2717 1089 2802 genuinum

272 2827 415 2892 invenire
452 2827 546 2893 nobis
582 2829 728 2915 contigit.
780 2829 955 2915 vestigium
980 2837 1089 2892 tamen

272 2937 443 3006 habuimus
474 2941 580 3024 quarti
604 2940 736 3006 codicis.
781 2941 919 3027 legimus
949 2939 1089 3004 enimin

270 3051 378 3138 regiae
400 3052 608 3118 Monacensis
637 3051 853 3117 bibliothecae
876 3051 1023 3136 catalogo
1050 3049 1089 3114 li·

269 3162 400 3228 brorum
433 3186 531 3228 mauu
564 3165 757 3249 scriptorum
790 3165 852 3228 hoc
884 3163 918 3226 in
945 3162 1089 3248 margine

270 3274 417 3340 additum
451 3298 549 3340 manu
569 3274 700 3342 Ioannis
723 3275 876 3342 Andreae
898 3272 1089 3341 Schmelleri
