2464 3896
498 343 648 381 amonstro.
944 349 984 392 xv

156 499 194 556 et
224 489 419 555 coniecturis
447 488 633 577 indulgere,
663 512 744 575 quae
771 489 856 558 ultro
880 495 982 562 cuivis

65 587 75 596 ⁸
155 625 233 670 sese
256 602 406 667 offerunt.

205 823 406 892 Ravennatis
434 825 553 892 librum
580 849 645 893 non
675 850 715 892 ex
745 827 896 896 Guidone
926 856 980 898 ex-

157 950 308 1026 cerptum
331 962 413 1022 esse,
441 939 551 1003 multis
577 948 674 1022 atque
696 941 874 1007 manifestis
896 944 980 1010 indi-

156 1054 219 1118 ciis
241 1060 342 1138 patet.
387 1051 559 1119 Ravennas
583 1052 668 1116 enim
689 1052 789 1116 totius
812 1052 900 1120 orbis
923 1053 980 1122 de·

155 1164 369 1252 scriptionem
394 1163 488 1229 nobis
516 1164 683 1249 proponit:
713 1174 865 1248 quattuor
893 1169 979 1252 prio-

153 1279 248 1344 ribus
274 1277 365 1343 libris
387 1277 518 1358 Asiam,
547 1275 709 1358 Africam,
737 1275 901 1364 Europam
924 1302 978 1345 co·

153 1391 248 1476 piose
277 1398 414 1472 tractat,
442 1389 524 1453 libro
553 1388 667 1470 quinto
694 1389 852 1475 periplum
881 1392 977 1458 maris

153 1500 268 1590 magni
290 1502 312 1565 i.
328 1525 356 1565 e.
379 1499 604 1566 mediterranei
627 1510 813 1566 accuratum
836 1503 977 1588 exhibet,

154 1615 299 1700 amplum
323 1613 462 1698 denique
484 1611 662 1677 insularum
684 1635 852 1678 recensum
875 1615 975 1681 addit.

155 1725 269 1792 Guido
291 1735 399 1791 autem
421 1725 549 1789 nonnisi
570 1723 701 1807 Italiae,
732 1709 872 1810 Siciliae,
900 1725 977 1794 Sar-

154 1839 274 1921 diniae,
301 1836 453 1903 Corsicae
475 1835 762 1920 adumbrationem,
785 1863 826 1904 ex
847 1839 977 1906 Raven-

153 1951 234 2033 nati,
250 1948 373 2031 Solino,
388 1950 491 2015 Paulo
502 1949 652 2014 Diacono
668 1960 830 2036 sumptam
843 1973 881 2016 ac
892 1953 975 2018 male

152 2061 314 2149 digestam
337 2061 480 2148 praebet,
504 2063 557 2126 cui
578 2062 720 2147 periplus
742 2063 839 2128 maris
857 2064 975 2128 interni

151 2183 188 2239 et
209 2174 317 2240 brevis
343 2175 459 2240 notitia
481 2173 521 2238 de
543 2173 662 2239 finibus
685 2174 801 2259 Asiae,
831 2176 974 2260 Africae,

149 2287 303 2373 Europae
326 2287 575 2374 subiunguntur.
614 2309 696 2370 quae
711 2288 745 2352 in
759 2288 851 2353 initio
867 2291 972 2375 operis
1016 2359 1019 2364 ,

148 2423 183 2484 p.
196 2400 260 2465 452
277 2402 334 2466 v.1
359 2398 448 2464 haud
463 2408 642 2485 opportune
656 2399 810 2486 leguntur
825 2398 973 2482 ,Quodsi

148 2510 317 2577 studiosus
339 2512 461 2578 lector“
487 2523 560 2594 etc,
583 2535 621 2576 ea
643 2513 710 2576 fere
733 2511 775 2576 ad
789 2511 923 2577 verbum
937 2515 971 2578 in

148 2623 369 2710 descriptione
396 2624 493 2688 maris
521 2647 554 2709 p.
569 2626 634 2691 504
656 2648 687 2688 v.
704 2626 744 2692 14
772 2634 970 2710 repetuntur.

145 2737 183 2800 in
206 2735 299 2801 initio
322 2734 452 2821 quidem
473 2735 548 2800 libri
561 2735 662 2802 verba
676 2737 733 2801 illa
757 2759 971 2822 „quamquam

144 2871 204 2913 eas
235 2849 300 2913 iam
331 2850 365 2912 in
397 2850 535 2934 propriis
568 2850 689 2934 patrias
717 2851 968 2915 nominaverim“

145 2983 247 3026 sensu
271 2970 398 3044 carent,
427 2960 515 3047 apud
537 2961 758 3027 Ravennatem
781 2973 889 3028 autem
911 2985 969 3028 suo

143 3073 219 3138 loco
235 3075 343 3159 posita
359 3085 434 3140 sunt
449 3077 554 3162 p.325
578 3099 609 3140 v.
622 3076 652 3143 9.
679 3077 729 3143 10.

190 3182 386 3251 Sanctorum
415 3197 448 3254 et
470 3198 646 3275 martyrum
675 3189 887 3269 mentionem,
916 3210 969 3251 ur-

143 3298 238 3364 bium
260 3300 443 3368 nominibus
460 3303 513 3368 hic
527 3301 595 3367 illic
610 3326 630 3367 a
645 3299 797 3368 Guidone
813 3299 967 3383 additam,
