2404 3896
93 350 175 388 amno
196 339 230 387 64
865 331 919 386 499

113 509 122 553 1
199 481 252 551 63.
299 481 571 568 septimadecima
598 481 765 568 provincia
788 478 923 546 Corsica

113 609 126 654 a
166 587 290 652 aduae
314 609 372 650 suo
396 579 498 650 Corso
522 609 638 651 nomen
668 585 810 670 accepit,
840 607 921 669 quae

112 715 126 760 3
164 690 264 756 habet
285 692 319 755 in
341 691 474 776 longum
489 690 625 755 miliaria
644 690 706 757 160
722 688 803 753 etin
820 689 921 754 latum

111 821 125 864 4
165 795 220 876 26,
243 819 260 858 e
285 796 375 859 cuius
391 793 543 859 subactas
558 792 654 859 urbes
669 793 775 874 intuli,
798 791 899 857 idest

317 895 475 962 Marianis

316 998 452 1065 Colonia
472 1001 547 1065 Iulii

315 1105 490 1170 Turrinum

112 1234 126 1278 a
316 1206 475 1273 Coenium

315 1313 503 1400 Agiagium.

95 1441 126 1486 10
197 1412 250 1483 64.
297 1413 551 1482 octavadecima
578 1419 745 1502 provincia
772 1414 922 1482 Sardinia

95 1542 124 1587 11
164 1541 246 1602 quae
269 1520 303 1583 in
318 1521 472 1606 Tyrrenis
495 1520 648 1586 fiuctibus
672 1520 822 1602 ambitur,
845 1529 878 1584 et
902 1543 921 1584 a

95 1645 126 1690 12
163 1621 268 1688 Sardo
290 1623 442 1690 Herculis
464 1626 531 1690 filio
554 1626 747 1708 nominatur,
770 1625 825 1708 qui
848 1645 921 1688 cum

95 1751 126 1795 1³
163 1751 282 1814 magna
308 1729 514 1794 multitudine
544 1728 586 1794 ad
611 1728 740 1794 Libiam
770 1736 820 1793 eat
846 1750 921 1812 pro-

94 1854 127 1900 14
163 1831 285 1914 fertur,
314 1829 496 1898 Sardiniam
526 1833 714 1918 occupavit,
743 1840 776 1897 et
799 1854 838 1896 ex
861 1853 920 1896 suo

95 1961 125 2007 15
162 1934 321 2000 vocabulo
337 1937 460 2001 insulae
475 1959 592 2001 nomen
608 1936 706 2001 dedit.
738 1959 821 2021 quae
831 1944 921 2000 tenet

93 2068 125 2114 16
163 2041 197 2104 in
218 2041 352 2126 longum
374 2041 511 2106 miliaria
527 2042 592 2108 230
616 2049 648 2104 et
671 2041 704 2104 in
723 2040 826 2104 latum
846 2038 918 2114 180,

94 2171 124 2216 17
162 2144 197 2208 in
212 2166 276 2227 qua
290 2144 446 2230 plurimae
459 2145 590 2209 fuerunt
606 2145 763 2227 civitates,
786 2165 921 2227 quarum

91 2274 124 2319 ιε
161 2247 291 2313 urbium
313 2249 443 2313 nomina
465 2247 611 2314 subnexa
633 2256 718 2314 sunt.

89 2377 124 2423 19
316 2349 440 2418 Caralis

90 2481 124 2526 20
313 2456 502 2542 Agenorum

313 2558 405 2627 Sulci

314 2661 517 2749 Sardiparias
608 2761 609 2765 Ἰ

197 2865 289 2912 codices
308 2863 373 2924 bfmr
391 2869 413 2909 et
431 2863 495 2910 Μαι.
629 2861 662 2924 cf.
675 2863 735 2909 Rav.
749 2861 801 2909 413
820 2862 883 2922 laq.

162 2969 325 3031 4subactaf.
372 2970 525 3016 rturrinium
540 2971 612 3026 Mar„
631 2971 741 3016 turrium
749 2968 775 3028 s.
824 2971 919 3028 9agra-

161 3057 219 3103 gum
241 3043 304 3088 Μαι.
380 3043 409 3086 11
438 3041 534 3087 tirrenis
552 3040 578 3102 s,
607 3042 697 3101 tytanis
720 3055 769 3097 mr,
799 3039 918 3099 thyrrenis

161 3115 226 3160 Mar.
254 3113 264 3159 ΙΙ
290 3113 429 3158 ambiuntur
447 3111 483 3172 bf.
511 3112 520 3157 ΙΙ
547 3112 670 3168 aSardol
694 3113 764 3157 sardo
784 3111 836 3158 aius
853 3109 917 3154 Max.

164 3185 195 3230 12
224 3184 319 3230 hercula
332 3183 358 3243 f.
428 3185 459 3230 13
487 3185 518 3228 ad
536 3184 628 3244 libyam
646 3189 683 3228 est
704 3184 778 3239 Mra,
807 3181 920 3238 aLibya

161 3255 251 3302 Isidori
264 3258 324 3315 orry.
339 3255 372 3301 14
382 3245 409 3300 '6
428 3255 461 3301 39
479 3255 541 3300 ande
553 3255 610 3300 haec
623 3259 717 3312 sumpta
728 3259 790 3299 aaut.
833 3254 863 3298 16
883 3251 918 3296 la·

162 3330 228 3383 tum}
249 3326 324 3372 altum
344 3329 408 3372 Μαι.
466 3327 496 3370 17
526 3327 590 3372 fuere
610 3325 668 3371 dmr.

719 3393 770 3448 aa*
