2464 3896
323 467 340 1338 QOEQQQ-*Gnmbd
306 299 341 352 ...Ξ

308 1398 318 1442 ι..-

324 1397 339 1443 0

307 1503 338 1546 11

308 1607 339 1652 12

307 1707 339 1754 18

308 1812 339 1856 14

307 1915 338 1960 15

512 439 579 507 Sed
602 465 621 505 o
643 442 808 508 mirandus
831 444 956 527 artifex,

467 547 523 628 qni
544 546 624 610 feeit
646 556 682 611 ut
704 547 905 634 igniformus,

465 671 539 714 oum
561 651 591 715 is
612 651 655 716 sit
677 661 767 717 ortus
789 651 985 736 nimphibus,

464 776 630 839 nunquam
651 764 765 820 exerrat
786 755 915 834 laticem

466 881 486 921 a
507 859 648 944 nimphis
671 880 732 924 nec
755 859 964 947 extinguitur,

465 971 512 1044 ut,
535 963 618 1028 foret
639 963 736 1050 ignis,
758 964 888 1060 assplet,

464 1066 606 1131 inlaesus
629 1075 666 1130 ut
687 1078 885 1152 permaneat,

464 1171 576 1253 utique
598 1171 633 1236 in
656 1173 787 1236 servitio

466 1274 569 1339 isdem
594 1296 725 1339 currens
748 1275 937 1364 igniformus

464 1378 588 1443 iussum
610 1378 742 1444 factoris
764 1390 909 1468 peragat.

464 1504 610 1547 remeans
633 1481 720 1546 unde
743 1485 844 1548 oritur

466 1609 578 1652 rursus
601 1585 741 1673 refulget
763 1585 885 1651 sedule.

419 1689 508 1756 Nam
532 1691 586 1755 alii
608 1689 792 1775 philosophi
815 1701 848 1756 et
870 1689 1045 1778 prudentes
1070 1693 1132 1758 viri

376 1793 527 1860 dixerunt
555 1794 642 1880 quod
671 1796 705 1860 in
734 1805 877 1860 arctoam
902 1805 1026 1881 portem
1048 1797 1132 1862 infra

377 1896 502 1965 Oceani
532 1923 618 1964 mare
647 1899 873 1966 innumerabili
902 1899 1005 1985 spatio
1034 1908 1131 1986 atque

306 2020 338 2067 16
372 2003 592 2091 investigabili
608 2005 722 2069 itinere
737 2003 790 2068 dei
804 2004 896 2069 iussu
909 2003 1041 2068 maximi
1055 2015 1132 2070 sunt

306 2127 338 2171 1⁷

306 2231 338 2275 18

305 2336 338 2380 19

305 2437 338 2484 20

305 2542 337 2588 21

305 2645 338 2691 22

374 2117 511 2190 montes,
533 2118 610 2193 post
632 2130 724 2192 quos,
754 2107 883 2192 quando
908 2107 957 2172 sol
979 2127 1132 2174 oceasum

374 2212 504 2296 accipit,
526 2219 629 2276 totam
650 2209 852 2298 perambulat
865 2220 1005 2294 noctem,
1026 2235 1131 2298 usque

375 2313 453 2378 dum
463 2313 591 2380 rediens
604 2315 783 2380 seeundum
794 2338 889 2381 suum
897 2324 1025 2400 tempus
1034 2340 1129 2382 mane

374 2427 450 2503 post
471 2418 560 2504 ipsos
583 2429 708 2486 montes
730 2421 847 2484 iterum
868 2419 1050 2486 hominibus
1072 2444 1130 2508 ap-

374 2532 478 2608 paret,
501 2532 533 2588 et
556 2523 691 2609 proinde
714 2523 862 2608 quotiens
884 2522 962 2587 luna
983 2547 1024 2588 ex
1038 2523 1130 2590 radio

374 2627 451 2692 solis
478 2649 537 2692 sno
558 2637 702 2713 tempore
725 2627 860 2712 eclipsin
881 2628 1012 2713 patitur.

374 2771 390 2814 2
418 2770 585 2829 ignistormus
596 2771 649 2818 AB.
703 2772 719 2818 8
746 2783 802 2816 eum
815 2769 1128 2826 issitloomisitABedr'tr'„

373 2840 568 2888 nnimfibrisAB
582 2842 647 2887 editi.
700 2843 717 2888 4
748 2842 890 2888 exuretAB
905 2841 971 2887 editi.
1024 2841 1040 2888 5
1067 2840 1129 2902 lym-

373 2911 429 2969 phis
441 2911 507 2957 editi.
524 2911 534 2957 ΙΙ
554 2913 688 2972 extinguar
704 2913 736 2958 B.
789 2913 804 2958 6
833 2912 995 2972 ignismA.
1050 2913 1064 2957 7
1092 2913 1129 2959 iu·

372 2980 429 3028 lesia
447 2983 491 3028 AB
509 2983 575 3030 editi.
617 2984 632 3030 8
659 2983 714 3044 ntis
724 2983 776 3038 AB,
799 2984 909 3042 utiquam
921 2983 986 3030 editi.
1023 2983 1038 3028 9
1066 2984 1126 3043 igni-

372 3053 457 3098 tormis
479 3045 510 3099 Ass
606 3055 637 3100 10
665 3055 732 3102 iussu
749 3055 794 3100 AB
812 3053 876 3100 editi.
900 3055 911 3100 u
934 3059 1047 3113 peragrat
1063 3053 1127 3101 editi.

374 3124 406 3168 18
425 3123 579 3185 phylosophy
590 3125 621 3170 B.
634 3125 645 3170 ll
659 3129 693 3182 etl
711 3126 760 3172 hoo
767 3125 820 3182 AB,
837 3126 885 3172 hoo
894 3125 964 3180 editi,-
979 3122 1014 3185 of.
1034 3124 1067 3171 25
1085 3126 1124 3172 u.

374 3195 406 3240 14
439 3195 698 3254 Arctoaperteedr'tr'.
802 3195 834 3242 15
868 3195 1126 3254 atquemBeditr'.

374 3267 405 3310 19
433 3271 515 3312 manet
531 3266 583 3312 AB.
646 3267 678 3314 21
707 3267 802 3326 quotie
820 3266 885 3314 aditi.
945 3267 977 3312 22
1005 3269 1062 3323 sno}
1080 3279 1127 3326 quo

287 3358 291 3368 ι
371 3336 417 3382 ΔΒ
434 3337 499 3383 editi.
518 3337 528 3382 ll
548 3335 604 3384 tens
620 3337 650 3394 Β,
669 3343 750 3385 tenere
767 3339 796 3395 A,
816 3343 896 3384 terrem
963 3337 1027 3384 editt.
