2464 3896
134 301 186 347 1⁸
934 299 968 352 21

158 469 169 512 1
212 445 311 508 miam
326 444 399 509 luoe
416 445 532 509 olarins
545 443 726 531 designant.
762 446 971 530 quamobrem

156 571 170 614 a
212 549 322 614 nullus
350 549 408 613 tali
431 549 623 634 expositioni
647 548 809 614 disoradat
836 561 871 615 et
899 551 970 618 aliis

156 674 171 717 a
213 652 336 735 eredat,
359 653 446 737 quod
467 654 501 718 in
524 662 666 716 extremo
690 650 836 736 Oriente,
864 655 971 721 idest

155 779 171 820 4
211 767 288 842 post
309 768 403 844 terga
431 755 704 822 intransmeabilis
736 759 834 822 eremi
856 758 971 824 Indiae

155 881 170 925 5
211 862 397 926 Dimerioae
412 861 531 942 Elvilat,
554 855 706 924 Oceanus
722 860 809 945 apud
824 861 970 928 homines

155 983 170 1027 o
211 965 411 1047 inveniatur,
441 974 537 1048 atque
566 962 607 1027 de
635 963 813 1028 meridiano
837 960 970 1031 Ooeano

156 1089 170 1132 7
212 1091 301 1133 maro
323 1067 478 1153 procedat
500 1069 534 1132 in
557 1067 859 1151 septentrionalem,
889 1066 971 1132 divi·

154 1191 170 1236 a
212 1171 293 1236 dens
301 1183 431 1253 terram,
447 1182 480 1235 et
489 1168 603 1234 mundi
613 1169 732 1235 dietam
744 1170 905 1256 designet,
918 1171 971 1236 vel

154 1297 170 1340 a
212 1275 300 1359 quod
323 1298 362 1339 ex
381 1275 545 1340 Armeniis
565 1273 739 1356 montibus,
766 1273 853 1358 quod
875 1274 971 1357 absit,

137 1399 169 1443 ro
211 1380 321 1466 Tigris
345 1389 378 1445 et
399 1379 582 1464 Euphrates
605 1388 751 1464 exurgat,
783 1377 842 1444 sed
865 1379 969 1465 magis

136 1505 168 1547 11
211 1485 379 1571 magisque
395 1482 482 1567 quod
495 1491 607 1546 eontra
619 1491 765 1546 sanctam
778 1482 971 1568 scripturam

137 1609 169 1653 ra
214 1598 348 1674 apparet
369 1588 447 1652 totis
471 1587 538 1652 suis
562 1607 635 1650 oum
658 1585 782 1650 nisibus
806 1595 921 1651 renuat
936 1595 969 1650 et

137 1713 169 1757 ra
212 1691 451 1756 immaculatam
473 1689 570 1754 ¹fidem
593 1687 849 1756 Christianorum
872 1689 971 1754 alacri

139 1817 173 1860 14
213 1796 319 1860 animo
343 1792 566 1858 diebusvitae
590 1815 667 1858 suae
689 1794 911 1878 amplectatur,
933 1802 971 1857 ut

140 1925 172 1968 ra
212 1899 253 1964 ab
270 1908 400 1963 aeterna
415 1896 641 1982 dampnatione
657 1906 785 1982 ereptus
809 1897 971 1961 caelorum

140 2029 173 2073 ro
213 2002 340 2091 gaudiis
362 2001 483 2087 perfrui
508 2010 677 2065 mereatur.

141 2133 173 2178 17
245 2106 277 2174 9.
322 2105 386 2170 His
410 2105 527 2168 etenim
549 2106 685 2191 expletis
707 2102 970 2186 alternationibus

140 2235 173 2280 ra
213 2212 289 2295 quia
311 2218 526 2295 opportunum
550 2219 600 2274 est
622 2207 708 2274 unde
731 2231 783 2274 res
810 2208 912 2294 exigit
933 2217 971 2273 ut

141 2338 173 2382 ra
212 2315 382 2398 loquamur
405 2323 437 2376 et
458 2321 605 2378 nostrum
626 2314 827 2398 propositum
843 2313 971 2398 explea-

139 2442 173 2486 ao
212 2441 283 2482 mus
313 2417 659 2502 septentrionalemque
689 2416 876 2503 diligentius
900 2418 970 2502 pla-

139 2545 172 2590 21
213 2545 287 2609 gam
316 2522 350 2586 in
386 2542 449 2603 quo
484 2519 647 2586 valeamus
677 2517 808 2586 Christo
839 2521 970 2584 iuvante

139 2649 174 2694 aa
213 2647 361 2690 enarrare
384 2646 449 2688 non
471 2623 690 2706 obmittamnS,
721 2625 806 2689 siout
828 2624 971 2710 philoso-

215 2850 229 2894 5
249 2845 398 2903 dimericaA,
412 2848 569 2906 danierioaB,
583 2848 724 2895 Damerioaa
736 2848 801 2894 editi.
820 2847 830 2893 ll
854 2847 970 2906 emlatA,

213 2919 288 2965 eiulat
304 2919 334 2977 Β,
363 2918 463 2965 Evilsth
481 2919 546 2965 editi.
637 2920 651 2965 6
680 2922 764 2978 atque]
784 2919 816 2965 ad
834 2919 900 2978 quod
916 2919 970 2965 AB.

214 2992 229 3036 8
263 2989 359 3036 clietam
377 2991 409 3045 A,
433 2990 526 3036 thetam
542 2989 565 3036 B
583 2990 647 3036 editt.
667 2990 676 3035 ΙΙ
698 2991 826 3049 designent
842 2990 887 3036 ΑΒ
905 2990 970 3035 aditi.

216 3062 248 3106 lo
275 3061 352 3126 tygris
373 3060 403 3107 Β.
423 3061 433 3106 11
452 3067 568 3120 exsurgat
586 3060 660 3107 Groa.
674 3059 697 3107 2.
773 3063 803 3108 12
836 3066 922 3108 renuat
938 3060 969 3105 B.

216 3133 248 3178 13
266 3131 437 3178 inmaculatam
445 3132 475 3178 B.
515 3132 545 3179 15
565 3133 717 3178 damnatione
728 3131 793 3178 editt.
831 3133 862 3176 17
881 3131 929 3176 hiis
938 3130 969 3176 B.

215 3203 224 3248 ll
237 3202 354 3261 explectis
372 3203 402 3248 B.
452 3203 484 3249 18
513 3209 657 3262 oportunum
675 3203 706 3248 B.
753 3203 784 3248 21
813 3201 922 3248 ualemus
940 3202 969 3246 Α.

217 3274 248 3319 22
276 3274 421 3320 obmitamus
439 3274 468 3331 Β,
497 3276 636 3320 omittamus
655 3274 719 3320 aditi.
