2404 3896
239 311 292 368 460

260 485 273 530 1
462 462 635 549 Aquilegia

259 587 273 634 2
310 626 312 630 .
461 567 626 632 Foroiulii.

260 689 274 735 e
347 668 397 738 19.
441 670 524 735 Item
537 671 573 734 in
586 670 716 756 regione
727 668 871 735 Histriae
888 679 967 734 sunt
983 669 1068 732 eivi-

260 792 277 838 4
312 784 396 840 tates
461 775 609 839 Treiesta

262 897 276 944 s
464 877 587 964 Sapara

262 1001 277 1048 o
464 981 628 1068 Umagum

263 1107 277 1151 τ
465 1085 623 1171 Neapolis

263 1210 278 1255 s
466 1189 618 1255 Parentis

245 1315 278 1371 'a
465 1293 654 1380 Ribingium

248 1417 280 1462 10
468 1397 559 1463 Pola.

249 1521 280 1566 11
351 1501 404 1570 20.
449 1501 626 1566 Nominare
638 1500 747 1583 itaque
757 1499 887 1564 litoreas
898 1498 1014 1564 Italiae
1029 1501 1077 1564 ci·

250 1625 281 1671 12
318 1607 435 1671 vitatas
447 1605 568 1686 volens,
584 1603 624 1668 ab
639 1601 843 1668 inferioribus
858 1601 1005 1689 partibus
1023 1605 1076 1668 in-

250 1729 281 1776 18
321 1709 503 1775 choandum
530 1717 596 1790 est,
625 1706 660 1772 id
689 1715 739 1771 est
766 1729 785 1771 a
808 1705 939 1771 civitate
960 1706 1076 1788 Arsia,

250 1833 283 1878 14
320 1835 402 1898 quae
441 1813 615 1878 confinium
653 1809 828 1876 Liburniae
862 1809 1078 1894 Histriaaque

252 1935 282 1981 15
319 1916 557 2002 provinciarum
585 1923 644 1980 est.
700 1913 758 1979 sed
786 1914 863 1997 quia
890 1914 955 1978 iam
978 1937 1079 2000 supe·

251 2040 283 2087 16
320 2021 387 2084 rius
411 2018 515 2085 dictas
538 2018 660 2106 ingessi
683 2019 840 2098 civitates,
863 2026 900 2082 ut
915 2017 1080 2083 membra·

252 2147 283 2192 17
320 2125 379 2188 tim
403 2145 456 2188 eas
478 2123 513 2187 in
534 2145 726 2207 unaquaque
747 2121 913 2208 provincia
935 2143 1080 2207 expone-

252 2251 284 2296 18
321 2249 399 2310 rem,
429 2249 515 2292 nuno
538 2225 667 2292 easdem
688 2250 754 2292 non
778 2226 957 2312 incongrue
980 2227 1081 2291 reite-

252 2354 284 2399 19
321 2354 396 2396 rans
419 2329 597 2396 ordinatius
621 2329 805 2416 explicabo:

252 2461 284 2506 so
471 2435 571 2499 Arsia

253 2562 284 2607 21
472 2537 660 2604 Nissaoium

252 2665 285 2710 aa
472 2641 554 2708 Pola

253 2767 285 2813 aa
473 2745 663 2832 Ribingium

253 2873 286 2918 24
474 2847 632 2934 Neapolis

254 2977 286 3024 nn
472 2951 636 3041 Umagum

358 3069 450 3116 codices
468 3066 541 3129 bsmr.
767 3065 803 3128 ef.
816 3067 876 3114 Boo.
889 3065 940 3113 254
961 3065 997 3112 13
1008 3081 1047 3127 sq.

325 3155 433 3216 Systrie
444 3152 470 3215 f,
499 3154 591 3215 hystrie
608 3167 653 3200 mr.
691 3154 811 3214 bsarspa
822 3151 849 3214 s.
892 3155 1044 3214 Sparenoia
1056 3155 1085 3217 f.

325 3226 471 3284 9ribigium
484 3239 515 3271 m.
565 3227 596 3271 11
615 3223 689 3284 ytalie
701 3223 766 3285 smr.
818 3226 855 3270 la
869 3224 1017 3271 incoandnm
1035 3241 1086 3272 mr.

326 3297 357 3341 14
376 3296 498 3354 ystrieque
510 3293 536 3354 f,
564 3297 701 3354 hystrieque
719 3310 750 3342 m.
805 3296 837 3364 lli
856 3299 894 3341 sot
904 3293 931 3355 s.
990 3297 1022 3343 19
1044 3311 1086 3344 or-

325 3365 433 3409 dinaeius
445 3363 471 3424 f,
499 3365 623 3410 ordinatus
641 3379 662 3413 r.
720 3366 750 3411 25
779 3365 894 3426 vinagum
912 3381 958 3411 mr.
