2376 3904
317 349 369 402 412

338 523 347 564 1

336 625 350 668 2

335 728 350 771 8

335 831 350 873 4

336 933 349 977 5

336 1038 350 1081 6

336 1141 349 1185 7

334 1247 349 1291 8

334 1352 349 1396 9

318 1455 349 1498 10

318 1563 348 1606 11

317 1664 348 1708 12

316 1767 348 1812 13

316 1872 348 1917 14

315 1975 347 2019 15

315 2079 346 2123 16

315 2183 345 2226 17

315 2287 345 2332 18

314 2387 345 2432 19

312 2491 345 2536 20

312 2594 343 2638 21

311 2695 344 2742 22

1051 353 1110 399 vno
1166 333 1167 336 ’

429 499 512 562 Item
537 499 629 562 iuxta
660 521 758 584 supra
789 499 944 583 scriptam
972 499 1111 564 civitatem

388 599 512 666 Caralis
534 612 584 666 est
607 603 720 666 civitas
742 623 825 685 qnae
847 599 965 666 dieitur

537 705 629 770 Nora
650 705 845 790 praesidium

536 809 652 892 Aquae
674 807 797 873 calidae
818 807 1090 893 Neapolitanorum

535 913 627 977 Eteri
648 910 843 998 praesidium

539 1015 656 1082 Castra
677 1015 792 1080 felicia.

429 1121 552 1190 lterum
574 1143 614 1184 ex
635 1119 699 1183 alio
721 1119 821 1183 latere
841 1119 935 1183 iuxta
948 1139 1038 1203 supra
1050 1116 1118 1180 sori-

385 1234 475 1311 ptam
503 1225 666 1290 eivitatem
689 1219 814 1287 Caralis
844 1230 894 1288 est
918 1222 1026 1287 civitas
1047 1241 1115 1304 quae

385 1328 505 1394 dieitur

535 1429 740 1495 Assinarium

535 1531 629 1600 Saria

534 1635 677 1721 Sariapis

535 1740 679 1826 Sarpaeh

534 1842 713 1909 Oarzanioa

535 1945 692 2012 Custodia
715 1947 908 2012 Rubriensis

533 2051 662 2116 Piresse

533 2155 727 2241 Patrapanie

531 2258 658 2345 Ignovi.

426 2362 611 2428 Transeunt
633 2371 741 2428 autem
761 2385 819 2448 per
834 2361 939 2446 ipsam
954 2357 1113 2426 Sardiniam

383 2463 510 2530 diversa
523 2466 667 2546 flumina,
689 2465 774 2530 inter
796 2473 905 2530 uetera
925 2485 1007 2548 quae
1021 2460 1114 2526 dieun-

381 2579 445 2651 tur,
467 2568 501 2634 id
524 2578 574 2634 est

531 2673 672 2738 Boroani

381 2909 395 2952 3
422 2907 489 2952 Nure
506 2911 529 2951 et
546 2905 611 2950 Nare
629 2905 693 2962 Ant,
722 2905 788 2950 Nara
810 2904 865 2950 Tab.
932 2905 948 2949 4
978 2903 1050 2962 Aquis
1065 2899 1112 2946 Ner·

379 2977 494 3035 politanis
512 2978 576 3034 Ant,
596 2968 703 3025 “Priora
720 2968 916 3025 Naanoircavo't
934 2973 998 3020 Ptol.
1025 2974 1035 3020 u
1057 2980 1112 3027 eque

380 3048 456 3093 carrae
476 3047 506 3092 n.
579 3048 593 3092 a
621 3046 699 3092 sarua
717 3049 745 3091 n.
818 3047 850 3092 12
878 3042 1037 3114 Σαραλαπιε
1056 3036 1111 3091 aar,

378 3132 440 3163 nmio
458 3117 483 3164 S.
494 3117 551 3164 vito
571 3117 596 3162 di
616 3113 738 3164 Sarabus?
794 3118 824 3163 13
845 3115 950 3174 Sarpath
970 3116 1049 3171 Guido,
1071 3109 1111 3157 8⁸1·

379 3187 533 3248 caposAatJ
579 3189 611 3233 14
631 3187 762 3234 Careanioa
774 3187 839 3234 editi.
887 3187 917 3232 16
937 3178 1109 3248 PyresaeGoidv·

380 3261 411 3305 17
431 3260 573 3318 pauapavie
584 3257 632 3315 Ae,
651 3257 811 3316 Patropaniae
830 3259 894 3312 aditi,
913 3251 1111 3304 enumeratae

379 3330 462 3376 Guido.
519 3331 549 3375 19
577 3329 713 3376 sardanium
732 3329 762 3374 Β.
817 3329 850 3375 22
878 3329 979 3376 Bortani
998 3328 1056 3374 editt.
