2372 3904
82 309 165 356 11110

99 478 111 520 1
296 455 435 520 Turbice

98 583 111 626 a
296 557 551 644 Septemvenam.

98 687 112 730 a
194 662 254 726 Per
276 685 372 745 quam
393 663 530 747 patriam
555 663 639 726 inter
662 671 769 728 cetera
789 673 894 731 trans·

98 789 114 832 1
151 775 224 830 eunt
251 766 383 830 flumina
405 787 486 849 quae
509 764 661 832 dicuntur
682 766 893 852 Turbatam,

99 889 114 934 5
151 891 240 952 quam
264 871 318 934 alii
340 871 501 934 Daumam
524 869 697 954 appellant.

100 995 114 1038 c
181 973 229 1041 10.
273 972 358 1039 'Item
379 975 470 1039 iuxta
485 971 653 1038 Oceanum
673 997 773 1059 prope
797 997 894 1060 supra

101 1099 114 1141 7
152 1079 299 1164 scriptam
322 1077 552 1142 Mauritaniam
567 1076 696 1142 Perosis
720 1088 769 1142 est
789 1080 893 1164 patria

101 1201 115 1244 a
153 1203 226 1264 quae
249 1181 368 1246 dicitur
389 1181 483 1268 Egel.
531 1181 566 1244 in
594 1203 657 1264 qua
677 1183 782 1266 patria
803 1184 893 1248 iuxta

101 1303 115 1346 a
151 1281 311 1350 Oceanum
339 1293 415 1349 sunt
443 1294 567 1349 montes
596 1293 633 1349 ut
659 1309 751 1350 mons
772 1286 892 1370 nuhaa,

87 1406 115 1450 1ο
151 1390 199 1472 qui
231 1389 343 1454 ardere
377 1387 572 1454 scribuntur.
624 1390 658 1452 in
692 1412 756 1473 qua
788 1391 893 1474 patria

88 1508 115 1553 11
149 1492 233 1557 iuxta
255 1490 423 1558 Oceanum
450 1500 526 1557 aunt
547 1502 672 1558 montes
695 1495 814 1558 excelsi
837 1496 892 1577 qui

89 1609 117 1654 11
149 1596 344 1681 appellantur
354 1596 470 1660 Praxe.
505 1596 596 1662 cuius
611 1597 733 1682 patriae
749 1597 791 1661 ad
804 1599 892 1662 fron-

89 1715 117 1760 11
147 1707 217 1782 tem,
240 1700 350 1764 multis
364 1701 541 1766 miliaribus
556 1700 679 1786 spatiis,
700 1699 735 1764 id
751 1710 799 1764 est
814 1702 890 1766 litua

90 1818 119 1863 14
148 1805 239 1868 maris
262 1805 381 1890 magni,
403 1806 533 1891 ponitur
554 1805 659 1890 patria
676 1827 757 1888 quae
773 1803 891 1870 dicitur

89 1925 117 1970 15
148 1906 339 1972 Mauritania
360 1909 545 1994 Tingitana.
619 1939 621 1942 ·

90 2029 118 2074 11
179 2011 225 2079 11.
270 2011 354 2076 ltem
368 2013 459 2076 iuxta
472 2012 549 2076 litus
565 2012 662 2076 maris
677 2012 785 2098 magni
800 2012 891 2095 poni-

90 2133 117 2177 11
148 2123 197 2179 tur
216 2113 382 2202 praedicta
398 2115 595 2180 Mauritania
612 2113 785 2196 Gaditana,
809 2137 890 2199 quae

90 2234 117 2280 aa
147 2218 217 2284 litus
239 2220 336 2284 maris
359 2221 467 2304 magni
490 2219 656 2284 confinalis
673 2220 782 2284 existit
798 2241 890 2305 prae-

89 2336 116 2380 11
148 2321 223 2386 latae
246 2323 461 2387 Mauritaniae
476 2323 679 2409 Tingitanae.
725 2345 806 2406 quae
823 2321 890 2386 Ga-

149 2582 162 2626 1
179 2582 367 2642 Septemvenam]
380 2583 420 2628 Ad
429 2582 525 2642 Septem
536 2583 619 2628 fratres
628 2581 697 2630 Ant?
713 2581 889 2628 attrectari-aar

146 2653 182 2698 ΙΙΙ
197 2657 237 2699 11.
280 2656 295 2699 4
315 2658 388 2713 quael
408 2655 449 2712 qui
468 2655 498 2700 Β.
517 2654 526 2699 ΙΙ
544 2653 684 2700 diciturAB
696 2653 759 2698 editi.
779 2653 788 2698 t
806 2653 888 2698 turbu-

146 2723 204 2771 lente
213 2726 241 2771 A.
291 2725 304 2770 5
325 2726 445 2781 Davinam
460 2723 553 2770 Cedita‘.
572 2725 581 2770 11
597 2729 654 2782 poet
666 2723 790 2782 appellant
804 2721 887 2768 cada.

146 2796 172 2842 de
187 2797 264 2855 patria
281 2795 351 2855 Egel.
408 2798 421 2840 7
441 2795 547 2851 Perosis]
565 2796 617 2854 pais
636 2795 688 2839 AB.
744 2795 775 2840 12
797 2794 887 2850 Praxo}

145 2865 228 2914 Bracae
248 2868 263 2912 8
283 2867 307 2912 5.
366 2868 395 2912 11
415 2867 483 2912 cuius
501 2867 639 2924 patriae-
655 2865 685 2910 15
705 2866 834 2924 Tingitana
852 2862 889 2909 ael

147 2938 174 2983 15
186 2939 316 2998 Tingitana
328 2957 362 2965 -
378 2940 407 2984 17
421 2937 567 2984 Mauritania
578 2935 696 2996 superflua
708 2942 770 2982 auat.
792 2933 826 2996 cf.
838 2935 853 2979 8
873 2935 888 2981 6

145 3009 292 3056 1115819.
355 3010 385 3054 13
414 3008 570 3054 miliariorum
591 3007 614 3053 C.
676 3006 889 3065 1111111111-

144 3085 196 3125 tana
215 3080 234 3126 0
250 3080 319 3126 addit
342 3081 371 3125 de
395 3079 539 3125 mauritania
563 3079 694 3138 ganditana
722 3079 800 3135 [corr.
819 3077 888 3134 gadi·

144 3151 218 3209 tana).
248 3189 249 3198 ,
285 3152 316 3196 16
345 3153 414 3196 iuxta
435 3165 479 3196 cra.
499 3150 542 3194 AB
561 3150 625 3194 editi.
692 3151 722 3194 17
751 3147 886 3206 praedicta}

142 3225 230 3268 aoaaiei
244 3223 259 3268 8
280 3223 303 3267 8.
323 3222 333 3266 ΙΙ
349 3223 479 3280 gaaditaaa
489 3221 564 3280 (corr.
574 3219 699 3280 gaditana)
713 3217 736 3264 C.
778 3217 809 3272 19
830 3230 888 3274 gan-

142 3292 219 3339 ditana
238 3294 268 3338 Β.

690 3375 717 3412 ll
