2404 3896
327 478 467 544 Poroum

328 581 481 668 Priapion

327 682 502 751 Gramioon

326 787 475 874 Kyzioon

326 891 467 976 Apamia

327 991 411 1059 Oion

325 1096 484 1164 Prenotos

323 1199 483 1265 Eribulon

119 1333 134 1376 9
323 1301 541 1370 Nichomedia
583 1306 702 1392 regalis
744 1306 861 1373 nobilis
899 1317 932 1374 et

101 1437 134 1482 10
172 1407 250 1471 olim
260 1405 423 1491 opulenta,
439 1430 536 1491 quom
551 1409 636 1474 inber
651 1411 831 1496 complures
847 1436 931 1477 mar·

101 1543 133 1587 11
170 1511 251 1574 tires
274 1530 314 1572 ao
336 1519 466 1576 sanctos
481 1511 634 1598 perendie
650 1513 929 1598 splendidissimus

100 1643 133 1689 12
171 1613 272 1678 atleta
302 1609 424 1678 Christi
450 1614 630 1686 Pantaleon
659 1615 726 1680 suis
756 1617 929 1684 virtutibus

101 1747 133 1792 1³
171 1719 205 1782 in
227 1725 297 1780 toto
319 1724 477 1782 terrarum
499 1715 577 1782 orbe
600 1718 765 1784 clarificat.

100 1851 135 1894 14
200 1819 278 1888 100.
322 1819 454 1886 Libissa

100 1952 133 1998 15
324 1920 527 1989 Chalohidon
564 1947 666 2010 aeque
703 1927 928 2010 famosissima,

100 2057 133 2100 15
172 2049 268 2112 quam
302 2023 425 2093 Christi
458 2029 550 2114 virgo
585 2038 617 2092 et
650 2029 762 2094 martir
788 2030 929 2096 Eufimio

100 2163 133 2206 ῃ
170 2133 248 2197 lieet
276 2131 310 2194 in
338 2129 418 2194 urbe
446 2132 536 2218 regia
565 2153 647 2215 quoe
676 2133 753 2197 huio
776 2134 928 2220 contigua

101 2266 132 2311 18
172 2246 222 2301 est
247 2234 425 2300 tumuletur
452 2233 493 2298 ob
526 2234 736 2300 barbarorum
761 2236 926 2302 incursum

101 2369 132 2413 19
172 2362 231 2405 suo
253 2339 398 2403 martirio
423 2338 554 2421 suisque
576 2338 750 2404 virtutibus
773 2339 852 2403 facit
874 2361 926 2404 oe-

101 2471 133 2515 20
172 2441 386 2522 leberrimam‚

99 2574 132 2617 21
321 2545 417 2610 Ieron

97 2677 131 2721 22
323 2648 586 2713 Promuntorium
601 2647 754 2734 Augusti,
778 2648 865 2732 quod
884 2648 924 2714 de

95 2781 130 2826 23
170 2755 276 2818 Ponto
299 2752 417 2837 mergit
444 2751 478 2814 in
499 2750 746 2838 Propontidem,
775 2749 924 2834 quodque

95 2886 131 2929 24
171 2866 284 2922 catena
306 2878 371 2920 una
392 2855 534 2919 munitur
556 2857 668 2938 ferrea,

94 2988 130 3034 25
318 2957 432 3023 Herba

94 3091 129 3134 ns
318 3063 451 3129 Melena

119 507 137 1273 oeqvbwuheeteh-

204 3307 277 3352 roden
296 3306 317 3352 b.
632 3299 666 3361 of.
679 3301 738 3346 Rau.
752 3299 803 3346 363
823 3299 838 3345 5
851 3312 886 3359 sq.

720 3385 749 3424 ³4
