2378 3902
122 343 221 390 ΝΞΟ

147 511 159 554 1
360 486 508 552 Parsium

145 613 162 658 a
356 591 486 657 Dravia.

146 716 162 760 a
239 691 292 776 20.
338 692 422 758 Item
444 695 535 760 iuxta
559 694 663 779 ipsam
686 691 886 759 Pannoniam
908 704 957 760 est

145 821 164 865 4
203 796 310 883 patria
332 819 414 880 quae
437 795 557 862 dieitur
575 795 717 878 Valeria,
741 819 821 880 quae
844 806 876 861 et
891 819 957 862 me·

147 924 164 968 a
205 898 260 963 dia
281 899 463 985 appellatur
477 900 654 986 provincia,
675 921 734 985 pro
751 922 789 964 eo
805 897 892 983 quod
907 922 957 964 re·

148 1027 163 1072 e
204 1003 289 1066 iacet
303 1002 389 1066 inter
403 1026 501 1088 supra
515 1004 653 1090 sumptas
666 1002 861 1069 Pannonias.
894 1004 957 1089 ipsi

148 1131 163 1174 7
205 1103 340 1170 eandem
355 1104 595 1191 descripserunt
604 1107 803 1192 philosophi3
820 1107 879 1173 sed
895 1129 956 1194 ego

148 1234 164 1278 8
204 1207 382 1274 seeundum
396 1209 577 1293 praefatum
592 1211 781 1295 scriptorem
792 1210 957 1275 Marcum-

149 1335 165 1380 a
203 1313 320 1376 mirum
343 1311 526 1378 Gothorum
552 1313 779 1399 philosophum
808 1313 956 1379 civitates

130 1438 165 1482 ιο
204 1415 338 1480 inferius
361 1412 546 1504 designatas
569 1415 713 1506 eiusdem
727 1415 877 1482 Valeriae
899 1439 957 1482 no-

130 1541 165 1586 11
203 1520 333 1584 minavi.
378 1520 499 1604 inqua
512 1519 645 1586 Valeria
665 1521 819 1606 plurimas
843 1520 955 1586 eivita-

131 1641 166 1688 η
203 1633 254 1688 tes
277 1623 377 1688 fuisse
399 1623 548 1710 legimus,
571 1647 610 1689 ex
635 1623 751 1708 quibua
774 1624 956 1708 aliquaniaa

133 1747 167 1791 la
203 1725 374 1812 designare
396 1727 556 1810 volumus,
578 1727 612 1793 id
635 1737 686 1794 eat

133 1849 168 1895 14
354 1830 507 1896 Acunum

132 1953 166 1998 15
353 1933 461 2000 Usum

132 2056 165 2099 ιε
354 2035 489 2102 Malatis
526 2091 528 2096 .

133 2161 165 2205 Π
354 2136 449 2205 Catio

132 2266 165 2310 18
265 2295 267 2298 -
354 2239 537 2308 Cornacum

203 2408 218 2452 1
247 2405 327 2466 poium
351 2405 375 2452 0.
443 2405 457 2450 2
486 2405 571 2452 draves
591 2403 614 2461 0,
643 2405 752 2463 Dravus,
777 2405 873 2452 Duabus
891 2403 953 2454 aliia.
985 2441 987 2444 -

201 2477 212 2521 l!
221 2482 278 2535 poet
295 2477 385 2523 Dravia
405 2474 495 2522 Gadd-
513 2476 543 2522 de
561 2475 652 2522 valeria
670 2489 716 2535 qna
734 2481 759 2523 et
776 2477 856 2523 media
872 2477 955 2538 appel-

200 2545 272 2594 latm.
327 2549 343 2592 4
370 2545 476 2602 Valeria]
495 2559 551 2605 para
569 2547 691 2605 quondam
703 2546 849 2606 Pannoniae,
868 2549 911 2595 aed
924 2549 955 2596 ad

200 2619 317 2665 honorem
329 2616 439 2665 Valeriae
459 2616 604 2664 Diocletiani
625 2617 688 2664 filiae
707 2623 732 2664 et
750 2617 861 2680 instituta
879 2627 903 2666 et
920 2620 955 2666 ita

201 2688 373 2750 cognominata
400 2689 514 2734 Ammion.
543 2688 578 2733 19
605 2689 647 2733 11.
732 2688 746 2735 ὅ
774 2689 897 2748 provintia
923 2689 953 2735 B.

202 2761 215 2804 7
245 2759 356 2806 eamdem
378 2757 444 2815 editi,
472 2759 512 2818 qni
528 2761 563 2806 εἰσ
581 2757 666 2805 uolent.
740 2760 754 2806 9
782 2763 904 2819 gottorum
928 2758 952 2807 0.

203 2831 234 2876 10
254 2831 306 2876 eiua
323 2829 374 2875 AB.
402 2829 412 2876 ΙΙ
438 2829 544 2876 eiusdem
562 2829 651 2876 valerie
669 2831 807 2890 designatas
826 2829 851 2878 0.
876 2832 886 2876 ΙΙ
911 2844 954 2877 no·

200 2901 306 2957 minavi]
325 2900 450 2959 designavi
468 2913 510 2946 eeu
527 2900 651 2947 nominavi
662 2901 691 2946 Δ.
749 2902 779 2946 11
801 2903 832 2948 la
851 2901 954 2961 legimus

199 2972 274 3018 suiaae
302 2971 413 3017 civitatee
440 2971 491 3028 AB,
522 2971 595 3018 fuisse
623 2972 734 3020 civitatee
758 2971 862 3032 legimus
888 2972 952 3018 editi.

200 3043 234 3088 14
260 3041 372 3088 Acunum
390 3043 461 3088 etiam
476 3040 541 3100 Tan,
559 3041 678 3089 Acimiuoi
695 3043 759 3100 Aua,
777 3036 955 3112 Ἀκούμιγκον

198 3111 264 3160 nu.
321 3113 352 3159 15
372 3111 461 3169 usum]
480 3110 650 3170 eumuna,
670 3111 728 3160 ouo
746 3113 801 3160 nt.
853 3115 883 3160 16
902 3113 954 3159 ua·
1027 3097 1035 3106 '

198 3183 270 3240 latia]
289 3181 382 3230 Miluus
403 3182 472 3239 Tob.,·
490 3185 539 3230 eiua
552 3182 605 3230 loeo
623 3183 735 3243 Bononia
751 3185 806 3230 Ant.
863 3185 893 3230 17
914 3197 954 3229 oa·

197 3255 235 3300 aio
251 3253 275 3311 (1,
295 3251 367 3301 Catio
380 3253 444 3310 aditi,
464 3252 554 3301 Onooio
567 3254 632 3312 Tan,
651 3253 789 3302 CuooiAnt.
845 3255 875 3300 18
895 3252 952 3301 Gor·

198 3337 261 3374 uaeo
279 3326 336 3372 Ani.
358 3324 413 3371 Tuo.
