2464 3896
109 282 162 328 17
917 281 950 334 17

134 451 148 494 i
190 427 285 492 iussu
307 426 348 491 ab
371 427 474 493 oculis
498 426 566 492 eius
589 407 783 492 absconstun
806 437 855 494 est
881 429 950 516 ipse
1011 430 1015 438 ’

134 554 150 598 a
192 530 286 596 locus
310 553 374 616 quo
398 531 549 596 existeret
564 529 745 615 paradisus
769 540 802 596 et
823 533 886 598 nisi
902 557 951 598 ar·

135 657 150 702 a
192 633 377 700 bitrabatur
399 657 473 698 eum
496 656 566 698 esse
581 634 671 698 velut
693 657 793 700 uuum
817 634 856 700 de
880 614 962 704 aliis·

134 763 153 808 4
192 735 274 803 locis
292 739 383 822 (nam
397 737 466 823 ipse
478 747 547 802 erat
560 737 737 802 certissime
747 738 950 826 paradisus):

136 865 152 910 a
194 840 285 908 etad
300 865 396 926 quem
410 839 654 926 respondemus,
677 842 740 906 hoc
756 843 902 911 etiamsi
916 846 1013 963 in·

948 948 952 960 1

967 986 972 994 ι

137 968 152 1012 o
193 947 336 1012 humana
357 955 465 1010 mente
488 943 656 1026 assederit,
678 946 768 1012 velut
790 969 887 1012 unam
910 948 950 1014 de
1070 1025 1075 1036 ,

136 1073 152 1118 2
193 1051 313 1135 iniquis
348 1048 599 1136 cogitationibus
636 1071 708 1114 esse
738 1049 950 1135 decernimus,
1015 1056 1020 1066 ’

136 1177 153 1221 s
195 1154 283 1239 quod
319 1152 536 1239 corruptibilis
572 1153 691 1220 missus
721 1155 826 1220 filerat
855 1157 950 1222 homo

137 1281 152 1325 e
194 1269 250 1324 aut
278 1267 394 1344 sponte
421 1257 649 1342 perambulans
679 1259 746 1322 suis
778 1261 951 1346 corporali·

120 1385 153 1429 10
194 1362 255 1427 bus
295 1361 399 1426 oculis
433 1361 594 1445 potuisset
622 1361 675 1424 vel
712 1362 808 1427 modo
847 1366 951 1450 possit

119 1491 152 1535 11
193 1466 430 1532 nobilissimum
451 1462 561 1528 videre
590 1465 776 1550 paradisum
804 1478 860 1533 aut
881 1468 951 1554 pol·

120 1593 154 1638 12
194 1571 270 1636 lutis
293 1579 413 1634 terram
435 1577 582 1633 sanctam
609 1569 832 1653 perambulare
861 1571 951 1657 pedi-

121 1697 154 1742 13
194 1674 266 1739 bus.
288 1673 420 1758 plurimi
434 1673 520 1736 enim
536 1674 629 1754 quasi
650 1675 874 1761 cosmographi
889 1675 950 1741 sub

122 1804 155 1849 14
195 1800 394 1864 paganorum
408 1787 564 1862 tempore,
587 1786 661 1840 arrte
677 1799 773 1860 quam
789 1799 869 1864 gens
884 1777 951 1844 Ro-

122 1906 155 1952 15
195 1905 363 1948 manormn
383 1889 578 1966 potestatem
601 1880 787 1949 dominandi
808 1882 951 1967 accepis·

122 2009 155 2054 15
196 1997 245 2052 set
267 1985 448 2065 saeculum,
477 2006 542 2047 non
565 1983 703 2048 dicimus
735 1985 821 2068 quod
848 1994 951 2049 totum

121 2111 154 2155 17
194 2089 362 2171 mundum,
373 2087 655 2168 namorientalem,
668 2096 742 2152 ante
755 2111 851 2172 quam
858 2085 951 2152 Chri-

121 2213 155 2258 18
194 2195 236 2259 sti
252 2193 306 2258 dei
319 2193 423 2258 nostri
438 2191 478 2256 de
494 2192 680 2276 incorrupto
702 2191 838 2278 virginis
858 2199 950 2256 utero

121 2317 154 2362 19
195 2299 370 2384 corporalis
393 2296 714 2381 luissetpraesentia,
728 2303 823 2377 ante,
846 2295 949 2360 orien-

120 2417 155 2461 2ο
192 2403 291 2468 talem
323 2402 455 2488 plagam·
482 2399 725 2484 descripserunt
757 2409 794 2464 ut
826 2398 949 2464 dictum

120 2521 152 2566 21
195 2516 254 2572 est.
306 2515 339 2571 et
368 2505 425 2570 ubi
452 2505 514 2570 fuit
540 2504 594 2568 ille
624 2501 752 2590 gladius
778 2502 949 2584 versatilis,

119 2627 154 2674 22
194 2612 250 2696 qui
278 2610 333 2676 dei
362 2611 454 2674 iussu
487 2629 591 2692 usque
620 2605 663 2671 ad
697 2606 950 2672 incarnationem

192 2830 205 2874 1
227 2827 318 2873 occulis
330 2827 361 2873 B.
380 2827 389 2872 ΙΙ
409 2826 461 2885 ipse
472 2825 541 2871 locus
554 2824 611 2882 quel
627 2823 678 2881 ipse
690 2820 759 2868 locus
770 2822 800 2880 B,
821 2822 886 2881 quod
899 2822 949 2881 ipsc

190 2899 259 2945 locus
271 2898 337 2944 editi.
410 2899 427 2943 4
454 2895 593 2950 certissime]
607 2899 671 2938 certe
684 2893 706 2938 B
719 2894 783 2940 editi.
856 2893 871 2938 8
892 2898 950 2951 post

191 2970 257 3029 quod
269 2969 327 3016 editi
339 2967 431 3014 addunt
447 2968 496 3025 qui.
517 2966 526 3012 it
547 2963 745 3024 corruptibilibus
760 2964 824 3010 editi.
843 2964 853 3010 ΙΙ
873 2963 949 3010 homi-

190 3041 263 3087 nibus
285 3040 329 3086 AB
352 3038 422 3095 edita·
440 3036 473 3098 os.
494 3037 528 3082 18
547 3038 563 3082 2
582 3036 665 3082 0014.
747 3037 777 3082 10
810 3033 900 3081 coculis
918 3034 947 3078 Β.

193 3114 223 3158 11
248 3111 340 3170 polutis
358 3109 389 3156 B.
462 3111 493 3154 13
514 3108 578 3154 enim
597 3122 642 3152 om.
656 3108 684 3152 A.
704 3106 714 3152 ti
734 3105 887 3165 asmogrrphi
906 3104 948 3148 AB

191 3180 429 3243 editi,·cf.1315.
487 3181 519 3225 14
539 3179 687 3238 temporibus
706 3177 770 3224 editi.
827 3178 857 3222 15
881 3187 948 3220 acce-

190 3255 283 3314 pissent
299 3253 330 3298 B.
404 3251 437 3297 22
465 3245 654 3296 incarnationis?

765 3332 779 3370 2
