2464 3896
277 301 313 354 36
540 295 606 308 ”
1036 295 1103 342 115

297 471 311 516 1
347 447 484 526 locatur,
507 465 700 527 quamquam
722 438 882 504 mediante
905 463 1003 504 verno
1020 450 1105 504 tem·

296 572 310 620 2
348 571 426 636 pore
450 570 512 612 nox
536 547 639 610 minor
662 545 713 610 die
736 543 994 608 demonstratur.v

297 675 311 720 a
383 649 435 720 16.
486 649 574 714 Nam
610 658 642 714 et
675 650 745 734 ipsa
772 647 903 732 Europa
935 650 1106 736 angustior

218 795 219 798 κ
297 776 313 822 4
340 779 446 841 vquam
461 753 574 818 Africa
597 776 666 818 esse
683 751 870 832 dinoscitur,
893 761 1013 835 quanto
1035 775 1105 818 ma·

297 877 311 924 5
350 861 400 947 gis
422 857 589 944 praedicta
603 856 684 920 Asia
699 855 926 942 angustissima
940 878 1011 920 esse
1028 879 1106 941 pro-

298 980 312 1026 6
348 962 461 1044 batur,
491 969 524 1026 et
546 959 623 1024 dum
649 968 699 1024 est
721 959 792 1044 ipsa
812 958 943 1044 Europa
971 968 1041 1022 arta
1070 959 1105 1025 in

298 1088 312 1132 7
348 1067 421 1133 loeo
443 1063 655 1150 protenditur.
699 1064 731 1127 et
748 1063 776 1127 si
790 1063 852 1126 hoo
866 1062 1036 1145 inquisitor
1058 1063 1106 1128 le-

298 1189 313 1236 8
351 1170 466 1234 ationis
490 1166 663 1248 distulerit,
682 1166 734 1232 vel
748 1164 923 1252 prudenter
937 1164 1105 1230 ambulan-

298 1297 312 1342 a
349 1283 400 1338 tes
422 1273 508 1336 viros
530 1271 718 1356 interroget,
740 1267 1008 1353 quemadmodum
1023 1268 1105 1334 diei-

282 1399 314 1446 10
350 1400 438 1442 mus:
461 1375 605 1461 praefata
634 1374 718 1438 enim
740 1373 871 1458 Europa
892 1373 980 1437 nullo
1006 1373 1105 1439 modo

282 1505 313 1550 11
350 1479 428 1544 alibi
450 1479 586 1564 amphus
602 1473 754 1542 dilatatur
777 1500 796 1542 a
817 1477 897 1542 mari
918 1500 1035 1563 magno
1050 1501 1106 1543 us·

282 1608 313 1653 12
352 1606 415 1667 que
438 1581 480 1646 ad
495 1580 664 1668 Oceanum
685 1581 748 1646 nisi
770 1579 812 1646 ad
832 1580 953 1666 patrias
970 1581 1105 1646 Dalma-

282 1710 314 1758 13
350 1687 427 1767 tiae,
451 1709 533 1769 quae
555 1685 685 1770 ponitur
699 1693 737 1748 ut
751 1684 891 1748 diximus
906 1708 1001 1770 super
1015 1677 1104 1760 mare

282 1813 316 1860 14
352 1813 516 1878 magnum.
555 1812 638 1874 quae
650 1789 755 1874 patria
769 1788 944 1869 Dalmatia,
958 1791 1104 1872 quamvis

283 1916 315 1964 lt
350 1894 388 1958 in
408 1892 515 1960 medio
538 1894 602 1957 sint
630 1893 774 1958 diversae
795 1891 934 1976 patriae,
962 1900 1104 1956 attamen

282 2019 315 2064 16
350 2006 441 2064 resto
463 1995 724 2081 itinere'respioit
742 1994 783 2060 ad
797 1995 948 2076 Damam,
970 2017 1051 2077 quae
1068 2004 1105 2060 ut

283 2125 314 2169 17
352 2100 491 2168 diximus
514 2103 605 2166 iuxta
626 2099 751 2166 Oceani
768 2098 848 2162 ‘litus
870 2099 1009 2183 ponitur.

283 2225 317 2272 18
396 2204 479 2268 Asia
499 2227 577 2268 vero
599 2203 793 2289 amplissime
815 2201 967 2266 dilatatur
989 2226 1008 2266 a
1030 2226 1105 2288 pro-

283 2329 316 2374 19
351 2308 460 2372 vincia
472 2307 627 2394 Bithynia
640 2307 744 2393 patria
758 2314 795 2372 ut
806 2304 959 2384 diximus3
974 2308 1106 2392 ponitur

283 2433 316 2478 20
353 2434 450 2497 super
464 2434 552 2476 mare
566 2435 718 2498 magnum
728 2410 764 2478 id
774 2418 823 2479 est
834 2419 1007 2496 angustum
1018 2412 1106 2496 quod

353 2637 370 2680 4
397 2635 481 2680 affrica
497 2634 528 2679 B.
602 2635 615 2680 t
645 2633 768 2692 praedicta
783 2630 854 2689 Asia]
874 2631 911 2678 aa
924 2635 1030 2691 primam
1047 2636 1106 2681 Asia

352 2707 496 2750 nominator.
593 2706 606 2750 7
638 2704 803 2762 praetenditur
824 2703 855 2749 B.
953 2705 968 2750 8
1000 2705 1104 2763 pruden-

353 2781 390 2820 tes
416 2777 445 2822 A.
552 2776 583 2821 10
612 2776 675 2821 enim
706 2788 751 2820 om.
775 2774 839 2819 editi.
941 2777 971 2821 11
1001 2775 1106 2835 amplius

353 2844 413 2892 alibi
438 2847 467 2891 A.
542 2847 572 2891 13
601 2850 723 2904 ponuntur
742 2845 773 2891 Β.
803 2844 814 2890 tt
844 2848 872 2890 ut
895 2845 1011 2902 diximus}
1037 2848 1105 2892 immo

352 2914 415 2960 nihil
427 2915 456 2962 de
468 2910 530 2961 mari
542 2930 627 2976 maqao
641 2930 671 2974 p.
683 2915 716 2961 28
736 2916 777 2961 11.
860 2916 892 2962 14
921 2919 989 2974 quaa]
1009 2930 1058 2975 qna
1075 2918 1105 2964 B.

355 2987 388 3032 16
407 2992 435 3031 ut
447 2987 566 3043 diximus]
587 2985 710 3047 cf.281.
767 2987 799 3034 18
817 2986 979 3046 provintiaB.
1018 2989 1049 3034 19
1069 2989 1106 3035 bi-

353 3057 440 3116 thynia
458 3058 486 3114 A,
514 3057 618 3104 bithinia
639 3058 669 3115 B,
697 3057 826 3118 Bithyniae
849 3057 913 3103 aditi.
941 3057 950 3104 ΙΙ
976 3060 1055 3117 patria
1077 3061 1105 3116 A,

354 3128 434 3188 patria
451 3128 481 3185 B,
500 3129 592 3187 patriae
611 3143 671 3186 quae
690 3128 755 3174 editi.
782 3128 792 3174 ΙΙ
817 3133 845 3174 ut
863 3129 982 3185 diximus}
1001 3131 1021 3174 ia
1041 3128 1106 3176 loeus

354 3199 380 3243 ia
394 3199 518 3257 prioritas
536 3214 583 3244 aaa
601 3201 730 3256 inventur,-
749 3197 822 3259 of.Il
838 3200 880 3246 19.
957 3200 989 3246 20
1018 3201 1104 3258 idest]

355 3269 420 3316 idem
438 3270 502 3316 editi.
526 3271 537 3316 tt
561 3271 637 3328 quod]
657 3270 698 3328 qui
716 3270 765 3316 AB.
