2410 3904
294 331 344 384 13⁶
1043 334 1121 382 1113

304 505 324 566 ‚1
363 478 461 543 Nilus
494 479 577 542 infra
610 501 644 543 se
674 477 790 542 habere
819 477 946 544 videtur
975 480 1120 544 insulam

312 606 326 650 a
365 604 446 665 quae
475 580 592 645 dicitur
614 581 751 646 Meroin.
797 603 892 666 quem
914 582 1029 648 Nilum
1057 584 1118 647 alii

311 711 326 756 a
365 682 460 750 Geon
483 705 553 749 esse
577 685 736 750 dixerunt.

311 815 327 858 4
408 788 439 854 3.
485 788 568 853 Item
590 790 680 854 iuxta
696 788 830 854 limbum
845 787 969 855 Oceani
985 793 1120 876 ponitur

312 915 326 960 5
363 894 468 978 patria
491 915 572 976 quae
599 892 717 957 dieitur
739 892 912 977 Aethiopia
934 891 1119 959 Garaman-

312 1019 326 1064 s
364 997 455 1078 tium,
478 1019 560 1080 quae
583 1004 615 1060 et
629 995 773 1080 Asbyste
789 993 917 1077 dieitur,
940 1020 1022 1080 quae
1039 1019 1119 1062 con-

312 1123 327 1166 7
363 1101 468 1165 finalis
505 1099 614 1164 existit
647 1097 829 1184 praedictae
859 1099 1052 1186 Aethiopiae
1083 1112 1118 1166 et

312 1227 327 1271 8
364 1203 647 1290 Troglodytorum.
675 1203 709 1266 in
727 1200 1118 1290 quaGaramantiumpa-

313 1329 327 1374 s
364 1309 427 1372 tria
448 1330 513 1371 non
534 1306 630 1392 longe
646 1305 685 1370 ab
702 1304 835 1371 Oceano
849 1306 966 1372 fluvius
983 1305 1053 1373 Ger
1067 1307 1118 1372 di-

297 1435 327 1478 10
365 1412 520 1477 latissime
536 1411 645 1474 currit.
690 1411 724 1474 in
739 1433 803 1494 qua
817 1411 921 1495 patria
936 1409 1118 1478 Garaman-

297 1536 327 1580 11
364 1517 446 1580 tium
468 1524 544 1580 sunt
571 1523 695 1579 montes
725 1516 781 1598 qui
803 1514 983 1580 Nauvavon
1006 1517 1119 1602 appel-

297 1640 328 1685 12
364 1620 481 1685 lantur.
526 1619 560 1681 in
583 1639 647 1701 qua
670 1620 776 1704 patria
797 1628 873 1683 sunt
894 1618 1002 1698 lacus,
1031 1643 1117 1684 unus

297 1743 328 1787 13
365 1724 421 1808 qni
443 1722 561 1786 dicitur
582 1721 700 1787 Linum
722 1731 755 1786 et
776 1721 858 1786 alins
881 1722 1014 1808 Augita.
1060 1724 1117 1807 qui

297 1845 329 1890 14
365 1827 544 1912 Aethiopes
573 1849 668 1911 rupes
703 1826 859 1890 montium
886 1824 1031 1890 habitare
1060 1825 1117 1890 de-

296 1952 328 1997 15
366 1930 552 1996 scribuntur
584 1937 715 2016 propter
747 1929 935 1993 immensam
969 1951 1008 1993 ac
1036 1930 1117 1994 vali-

297 2056 328 2100 16
366 2034 531 2100 dissimam
563 2056 717 2098 neumam.
769 2030 812 2096 ad
840 2033 978 2096 frontem
1008 2042 1118 2098 autem

297 2159 328 2204 17
366 2136 510 2203 eiusdem
525 2135 769 2202 Garamantium
788 2137 909 2222 patriae
922 2147 1000 2216 sunt
1014 2135 1117 2218 arida,

298 2264 329 2308 18
366 2241 503 2322 dasena,
525 2249 688 2321 montana,
711 2262 792 2324 quae
807 2239 959 2304 dicuntur
973 2239 1118 2305 Marma·

367 2405 382 2450 2
400 2403 465 2450 nilus
483 2403 505 2448 Β
524 2403 587 2448 editi.
643 2403 657 2449 3
672 2407 730 2461 post
748 2401 862 2448 dixerunt
880 2400 899 2449 Ο
915 2401 983 2448 adda
996 2403 1025 2447 de
1038 2403 1117 2449 ethio·

366 2476 407 2533 pia
425 2475 601 2536 gemmantium
620 2486 666 2532 que
683 2478 708 2521 et
725 2474 823 2534 asbyste
842 2473 936 2518 dicitur.
1010 2475 1025 2519 6
1054 2487 1117 2531 quae

366 2547 404 2601 etl
433 2545 474 2603 qni
493 2549 518 2590 et
535 2545 586 2601 AB,
615 2557 630 2602 q
652 2549 677 2590 et
701 2543 725 2590 0.
745 2544 754 2590 ΙΙ
771 2545 860 2590 asbiste
880 2542 908 2597 0,
936 2543 1030 2604 Abyssa
1050 2545 1117 2590 editi.

365 2615 484 2676 Asbystaa
502 2615 619 2661 Herodoti
642 2621 664 2660 et
686 2614 788 2661 aliorum
810 2613 912 2674 confines
929 2619 984 2659 sant
1004 2611 1117 2674 Cyrenai-

366 2700 415 2732 σαι.
445 2687 454 2732 ΙΙ
481 2690 556 2744 quael
575 2687 618 2744 qui
636 2685 686 2731 AB.
741 2688 799 2732 ἵει
817 2699 862 2730 om.
881 2684 945 2730 editi.
1003 2685 1117 2744 Strigli-

365 2759 470 2803 ditorum
480 2758 507 2815 A,
527 2757 706 2816 trigloditorum
715 2757 745 2814 B,
759 2756 944 2815 triglodytorum
955 2754 979 2801 G.
1036 2756 1050 2800 9
1070 2757 1118 2802 dil·

364 2827 480 2874 latissime
510 2827 534 2874 G.
607 2829 636 2872 ll
666 2839 793 2874 nauvenon
813 2825 841 2884 0,
872 2825 1117 2872 Naubaboni611.

368 2901 399 2944 13
419 2899 503 2944 Lionm
522 2902 558 2955 etl
577 2898 656 2944 lacum
675 2903 699 2944 et
718 2897 742 2955 C,
762 2898 899 2958 Lycomede
917 2896 981 2954 editi,
1005 2897 1118 2943 Licume-

367 2970 438 3015 diso
457 2970 499 3014 12.
527 2969 536 3016 ΙΙ
561 2968 663 3028 Augitte
682 2968 758 3014 613.
815 2969 845 3014 15
865 2969 996 3014 inmensam
1014 2968 1042 3024 A,
1071 2969 1118 3014 im-

366 3054 448 3087 mense
466 3041 530 3086 edici.
557 3040 567 3086 ΙΙ
592 3038 773 3086 vallidissimam
793 3038 817 3097 C,
846 3038 994 3084 validissima
1011 3039 1031 3082 A
1050 3039 1119 3084 editi.

368 3113 401 3157 16
420 3109 560 3168 eaumaAO,
571 3111 754 3156 caumateediti.
774 3111 782 3156 ΙΙ
800 3113 887 3165 autem]
897 3123 955 3154 vero
966 3108 989 3155 0.
1028 3111 1058 3153 17
1073 3124 1119 3168 ps-

366 3183 435 3239 triae]
454 3183 533 3241 patria
544 3183 588 3226 AB
601 3182 665 3227 editi.
692 3182 702 3227 ΙΙ
728 3184 846 3237 suntlest
859 3180 901 3225 AB
913 3179 977 3226 editi.
1027 3181 1066 3225 18·
1080 3182 1119 3226 di-

367 3254 430 3298 eitur
456 3253 499 3299 AB
526 3253 589 3299 edici.
620 3253 630 3298 l!
655 3252 818 3312 Marmarydes
839 3251 908 3306 editi,
942 3244 1120 3319 Μαρμαρίδαι

366 3324 448 3371 Strnb.
