2464 3896
279 329 332 370 XV!

281 474 496 562 negligentiae
525 474 576 538 vel
604 474 750 540 inscitiae
777 472 971 538 dooumenta
996 477 1104 540 eonti-

282 609 358 650 nere
385 585 590 650 manifestum
619 593 677 650 est.
729 587 817 650 velut
844 586 963 672 legitur
988 611 1020 672 p.
1033 588 1101 656 492
1179 591 1181 594 ’

279 697 344 765 v.8
369 697 521 779 „Trauos
543 697 576 761 in
599 719 664 780 qua
683 698 733 761 vir
755 696 876 792 domini
891 697 1004 763 beatus
1021 720 1104 762 oon-

279 810 383 876 fessor
398 818 430 874 et
449 809 595 895 pontifex
607 809 721 894 Lupus
742 809 945 892 requiescit.“
984 809 1102 895 Lupus

281 922 366 987 enim
388 922 558 1007 episeopus
580 921 642 986 fuit
657 920 833 986 Treoarum
848 922 917 986 sive
931 921 1102 1008 Augusto-

279 1033 383 1100 bonae
407 1031 544 1113 Galliae,
566 1031 663 1096 hodie
685 1032 821 1118 Troyes,
842 1055 908 1097 non
923 1032 1101 1100 Treoarum

278 1144 403 1228 Italiae,
425 1144 521 1211 hodie
543 1142 650 1207 Treui.

323 1254 426 1320 Aliud
449 1254 610 1323 Guidonis
640 1255 786 1340 sphalma
807 1256 965 1341 reperitur
989 1258 1099 1340 plu?

279 1393 310 1433 v.
326 1371 362 1436 11
391 1371 441 1450 12,
464 1367 520 1433 ubi
541 1368 661 1454 legitur
685 1366 788 1448 „Iulio
809 1364 991 1453 Chisopolis
1015 1390 1100 1452 quae

280 1489 312 1545 et
333 1480 452 1546 Parma
474 1503 532 1546 seu
554 1479 708 1544 vexillum
734 1478 885 1560 dieitur“,
912 1480 946 1544 in
969 1479 1101 1545 Raven-

279 1593 346 1658 nati
368 1595 478 1677 p.272
502 1594 642 1660 v.2—t
667 1589 769 1672 „Iulia
792 1588 991 1676 Chrisopolis
1015 1614 1099 1675 quae

279 1703 396 1770 dieitur
417 1704 545 1786 Parma,
567 1702 757 1768 Beoillum.“
815 1743 820 1752 ·

321 1817 410 1882 Ante
434 1813 623 1882 Casulinum
644 1839 676 1900 p.
689 1814 749 1882 481
777 1839 807 1879 v.
824 1816 863 1884 16
888 1814 998 1881 Guido
1024 1839 1100 1902 per-

277 1951 387 2014 peram
408 1927 544 1993 inseruit
568 1923 760 2008 „Cassinum
781 1928 815 1992 in
838 1949 902 2011 quo
923 1937 973 1994 est
987 1949 1100 1992 mona·

278 2042 413 2106 sterium
435 2039 678 2106 celeberrimum
701 2039 805 2104 saneti
819 2038 1008 2104 Benedicti“
1034 2050 1097 2104 eto.

279 2152 337 2217 sed
362 2153 592 2218 monasterium
613 2149 695 2216 illud
717 2171 782 2216 non
805 2152 901 2218 situm
924 2162 974 2216 est
995 2175 1097 2238 prope

280 2261 435 2348 Capuam,
454 2262 518 2329 sed
539 2287 639 2349 prope
662 2263 840 2346 Aquinum,
860 2263 1004 2347 latetque
1027 2265 1096 2329 eius

277 2399 394 2442 nomen
416 2377 450 2441 in
472 2375 654 2442 Ravennati
674 2377 779 2461 paro
802 2399 833 2439 v,
849 2377 887 2442 12
912 2375 971 2441 sub
994 2377 1098 2441 forma

280 2489 478 2571 „Lasin0n“,
500 2487 587 2574 apud
602 2485 788 2553 Guidonem
810 2488 913 2572 puro
930 2512 960 2551 v.
970 2491 1011 2570 22
1034 2487 1095 2553 sub

277 2602 380 2666 forma
404 2600 589 2696 „Lusium“.

320 2713 459 2778 Prorsus
481 2714 659 2798 inoongrue
675 2711 794 2798 legitur
809 2709 896 2796 apud
911 2709 1096 2777 Gnidonem

277 2826 385 2911 pntss
408 2850 439 2890 v.
455 2826 495 2892 10
520 2821 695 2907 „Sequitur
717 2824 859 2888 omnium
881 2822 1019 2888 nobilior

277 2937 405 3018 Italia“,
434 2959 508 3002 oum
536 2936 704 3020 hueusque
727 2936 808 3001 nihil
836 2934 925 3002 aliud
946 2937 1010 3002 nisi
1029 2934 1097 3002 Ita-

278 3049 354 3114 liam
376 3049 479 3134 ipsam
502 3046 718 3134 descripserit.

321 3160 424 3226 Liber
445 3160 684 3246 provinciarum
698 3159 823 3244 Italiae,
846 3159 1033 3226 aGuidone
1057 3185 1097 3224 ex

278 3272 373 3340 Pauli
386 3272 527 3338 Diaooni
541 3272 676 3338 historia
685 3271 935 3359 Langobardioa
949 3271 1098 3357 deprom-
