<?xml version="1.0" encoding="UTF-8"?>
<!DOCTYPE html PUBLIC "-//W3C//DTD XHTML 1.0 Transitional//EN"
    "http://www.w3.org/TR/xhtml1/DTD/xhtml1-transitional.dtd">
<html xmlns="http://www.w3.org/1999/xhtml" xml:lang="en" lang="en">
 <head>
  <title>
</title>
<meta http-equiv="Content-Type" content="text/html;charset=utf-8" />
  <meta name='ocr-system' content='tesseract 3.04.00' />
  <meta name='ocr-capabilities' content='ocr_page ocr_carea ocr_par ocr_line ocrx_word'/>
</head>
<body>
  <div class='ocr_page' id='page_1' title='image "./ravennatisanony01ravegoog_0018.png"; bbox 0 0 2464 3896; ppageno 0'>
   <div class='ocr_carea' id='block_1_1' title="bbox 528 325 1014 368">
    <p class='ocr_par' dir='ltr' id='par_1_1' title="bbox 528 325 1014 368">
     <span class='ocr_line' id='line_1_1' title="bbox 528 325 1014 368; baseline -0.008 -6"><span class='ocrx_word' id='word_1_1' title='bbox 528 329 678 364; x_wconf 64' lang='lat' dir='ltr'><strong>omnmo.</strong></span> <span class='ocrx_word' id='word_1_2' title='bbox 957 325 1014 368; x_wconf 70' lang='lat' dir='ltr'><strong>11ss</strong></span> 
     </span>
    </p>
   </div>
   <div class='ocr_carea' id='block_1_2' title="bbox 193 467 1078 1901">
    <p class='ocr_par' dir='ltr' id='par_1_2' title="bbox 214 467 1014 1114">
     <span class='ocr_line' id='line_1_2' title="bbox 214 467 1014 553; baseline 0.003 -17"><span class='ocrx_word' id='word_1_3' title='bbox 214 492 235 536; x_wconf 86' lang='lat' dir='ltr'><strong>o</strong></span> <span class='ocrx_word' id='word_1_4' title='bbox 263 471 366 536; x_wconf 84' lang='lat' dir='ltr'><strong>codex</strong></span> <span class='ocrx_word' id='word_1_5' title='bbox 383 469 644 536; x_wconf 87' lang='lat' dir='ltr'><strong>Vindobonensis</strong></span> <span class='ocrx_word' id='word_1_6' title='bbox 661 467 838 536; x_wconf 80' lang='lat' dir='ltr'><strong>Caesareus</strong></span> <span class='ocrx_word' id='word_1_7' title='bbox 854 487 1014 553; x_wconf 79' lang='lat' dir='ltr'><strong>cccmm,</strong></span> 
     </span>
     <span class='ocr_line' id='line_1_3' title="bbox 261 581 1012 659; baseline -0.007 -9"><span class='ocrx_word' id='word_1_8' title='bbox 261 582 449 650; x_wconf 75' lang='lat' dir='ltr'><strong>Endlicberi</strong></span> <span class='ocrx_word' id='word_1_9' title='bbox 471 605 503 646; x_wconf 90' lang='lat' dir='ltr'><strong>n.</strong></span> <span class='ocrx_word' id='word_1_10' title='bbox 517 583 619 659; x_wconf 79' lang='grc' dir='ltr'>319ος</span> <span class='ocrx_word' id='word_1_11' title='bbox 649 582 726 649; x_wconf 88' lang='lat' dir='ltr'><strong>olim</strong></span> <span class='ocrx_word' id='word_1_12' title='bbox 747 581 817 648; x_wconf 82' lang='lat' dir='ltr'><strong>Iani</strong></span> <span class='ocrx_word' id='word_1_13' title='bbox 839 581 1012 651; x_wconf 55' lang='lat' dir='ltr'><strong>Parrhasii.</strong></span> 
     </span>
     <span class='ocr_line' id='line_1_4' title="bbox 263 680 1013 782; baseline -0.003 -20"><span class='ocrx_word' id='word_1_14' title='bbox 263 706 313 763; x_wconf 85' lang='lat' dir='ltr'><strong>est</strong></span> <span class='ocrx_word' id='word_1_15' title='bbox 331 680 535 776; x_wconf 63' lang='lat' dir='ltr'><strong>chartaceus</strong></span> <span class='ocrx_word' id='word_1_16' title='bbox 564 695 693 760; x_wconf 85' lang='lat' dir='ltr'><strong>saeculo</strong></span> <span class='ocrx_word' id='word_1_17' title='bbox 713 713 752 758; x_wconf 85' lang='lat' dir='ltr'><strong>xv</strong></span> <span class='ocrx_word' id='word_1_18' title='bbox 780 694 888 782; x_wconf 87' lang='lat' dir='ltr'><strong>paullo</strong></span> <span class='ocrx_word' id='word_1_19' title='bbox 911 696 1013 781; x_wconf 86' lang='lat' dir='ltr'><strong>negli-</strong></span> 
     </span>
     <span class='ocr_line' id='line_1_5' title="bbox 262 803 1013 897; baseline -0.004 -22"><span class='ocrx_word' id='word_1_20' title='bbox 262 809 390 897; x_wconf 84' lang='lat' dir='ltr'><strong>gentius</strong></span> <span class='ocrx_word' id='word_1_21' title='bbox 405 816 565 872; x_wconf 80' lang='lat' dir='ltr'><strong>exaratus.</strong></span> <span class='ocrx_word' id='word_1_22' title='bbox 607 807 750 870; x_wconf 81' lang='lat' dir='ltr'><strong>continet</strong></span> <span class='ocrx_word' id='word_1_23' title='bbox 765 803 925 872; x_wconf 86' lang='lat' dir='ltr'><strong>Gnidonis</strong></span> <span class='ocrx_word' id='word_1_24' title='bbox 940 831 1013 892; x_wconf 80' lang='lat' dir='ltr'>par-</span> 
     </span>
     <span class='ocr_line' id='line_1_6' title="bbox 260 918 1013 1005; baseline -0.003 -19"><span class='ocrx_word' id='word_1_25' title='bbox 260 921 394 986; x_wconf 80' lang='lat' dir='ltr'><strong>ticulam</strong></span> <span class='ocrx_word' id='word_1_26' title='bbox 408 918 519 984; x_wconf 80' lang='lat' dir='ltr'><strong>indua</strong></span> <span class='ocrx_word' id='word_1_27' title='bbox 539 920 659 1005; x_wconf 76' lang='lat' dir='ltr'><strong>pagina</strong></span> <span class='ocrx_word' id='word_1_28' title='bbox 674 921 738 986; x_wconf 80' lang='lat'><strong>547</strong></span> <span class='ocrx_word' id='word_1_29' title='bbox 765 920 837 984; x_wconf 92' lang='lat'><strong>1-</strong></span> <span class='ocrx_word' id='word_1_30' title='bbox 851 918 913 986; x_wconf 82' lang='lat'><strong>556</strong></span> <span class='ocrx_word' id='word_1_31' title='bbox 939 919 970 999; x_wconf 87' lang='grc'><strong>6,</strong></span> <span class='ocrx_word' id='word_1_32' title='bbox 993 943 1013 984; x_wconf 81' lang='lat' dir='ltr'>a</span> 
     </span>
     <span class='ocr_line' id='line_1_7' title="bbox 260 1029 743 1114; baseline -0.01 -16"><span class='ocrx_word' id='word_1_33' title='bbox 260 1033 353 1098; x_wconf 92' lang='lat' dir='ltr'><strong>nobis</strong></span> <span class='ocrx_word' id='word_1_34' title='bbox 376 1056 405 1097; x_wconf 84' lang='lat' dir='ltr'><strong>a.</strong></span> <span class='ocrx_word' id='word_1_35' title='bbox 433 1030 517 1099; x_wconf 82' lang='lat'>1854</span> <span class='ocrx_word' id='word_1_36' title='bbox 539 1029 743 1114; x_wconf 82' lang='lat' dir='ltr'><strong>descriptam.</strong></span> 
     </span>
    </p>

    <p class='ocr_par' dir='ltr' id='par_1_3' title="bbox 193 1141 1078 1553">
     <span class='ocr_line' id='line_1_8' title="bbox 238 1141 1012 1228; baseline 0 -18"><span class='ocrx_word' id='word_1_37' title='bbox 238 1146 318 1210; x_wconf 77' lang='lat' dir='ltr'><strong>Ana</strong></span> <span class='ocrx_word' id='word_1_38' title='bbox 343 1141 504 1210; x_wconf 87' lang='lat' dir='ltr'><strong>Guidonis</strong></span> <span class='ocrx_word' id='word_1_39' title='bbox 531 1142 689 1228; x_wconf 73' lang='lat' dir='ltr'><strong>pamicula</strong></span> <span class='ocrx_word' id='word_1_40' title='bbox 717 1143 770 1227; x_wconf 92' lang='lat' dir='ltr'><strong>(p.</strong></span> <span class='ocrx_word' id='word_1_41' title='bbox 783 1143 849 1211; x_wconf 74' lang='lat'><strong>494</strong></span> <span class='ocrx_word' id='word_1_42' title='bbox 876 1166 906 1206; x_wconf 91' lang='lat' dir='ltr'><strong>v.</strong></span> <span class='ocrx_word' id='word_1_43' title='bbox 924 1145 1012 1210; x_wconf 83' lang='lat'><strong>15-</strong></span> 
     </span>
     <span class='ocr_line' id='line_1_9' title="bbox 195 1252 1078 1343; baseline -0.01 -17"><span class='ocrx_word' id='word_1_44' title='bbox 195 1259 263 1326; x_wconf 77' lang='lat'><strong>504</strong></span> <span class='ocrx_word' id='word_1_45' title='bbox 283 1282 315 1322; x_wconf 88' lang='lat' dir='ltr'><strong>v.</strong></span> <span class='ocrx_word' id='word_1_46' title='bbox 331 1258 391 1342; x_wconf 88' lang='lat'><strong>11)</strong></span> <span class='ocrx_word' id='word_1_47' title='bbox 417 1257 537 1343; x_wconf 81' lang='lat' dir='ltr'><strong>legitur</strong></span> <span class='ocrx_word' id='word_1_48' title='bbox 558 1255 592 1318; x_wconf 92' lang='lat' dir='ltr'><strong>in</strong></span> <span class='ocrx_word' id='word_1_49' title='bbox 614 1253 697 1318; x_wconf 91' lang='lat' dir='ltr'><strong>libro</strong></span> <span class='ocrx_word' id='word_1_50' title='bbox 719 1252 759 1318; x_wconf 88' lang='lat' dir='ltr'><strong>de</strong></span> <span class='ocrx_word' id='word_1_51' title='bbox 782 1253 887 1320; x_wconf 81' lang='lat' dir='ltr'><strong>Romu</strong></span> <span class='ocrx_word' id='word_1_52' title='bbox 908 1255 1014 1339; x_wconf 83' lang='lat' dir='ltr'><strong>prisca</strong></span> <span class='ocrx_word' id='word_1_53' title='bbox 1075 1337 1078 1342; x_wconf 68' lang='lat'><em>,</em></span> 
     </span>
     <span class='ocr_line' id='line_1_10' title="bbox 193 1365 1013 1436; baseline -0.007 -1"><span class='ocrx_word' id='word_1_54' title='bbox 193 1380 228 1436; x_wconf 79' lang='lat' dir='ltr'><strong>et</strong></span> <span class='ocrx_word' id='word_1_55' title='bbox 249 1391 334 1434; x_wconf 81' lang='lat' dir='ltr'><strong>nova</strong></span> <span class='ocrx_word' id='word_1_56' title='bbox 356 1392 373 1434; x_wconf 87' lang='lat' dir='ltr'><strong>e</strong></span> <span class='ocrx_word' id='word_1_57' title='bbox 394 1367 514 1434; x_wconf 76' lang='lat' dir='ltr'><strong>Iacobo</strong></span> <span class='ocrx_word' id='word_1_58' title='bbox 535 1365 707 1432; x_wconf 86' lang='lat' dir='ltr'><strong>Mazochio</strong></span> <span class='ocrx_word' id='word_1_59' title='bbox 730 1365 816 1432; x_wconf 80' lang='lat' dir='ltr'><strong>edito</strong></span> <span class='ocrx_word' id='word_1_60' title='bbox 838 1365 961 1432; x_wconf 76' lang='lat' dir='ltr'><strong>Romae</strong></span> <span class='ocrx_word' id='word_1_61' title='bbox 983 1389 1013 1430; x_wconf 83' lang='lat' dir='ltr'><strong>a.</strong></span> 
     </span>
     <span class='ocr_line' id='line_1_11' title="bbox 195 1482 355 1553; baseline -0.044 -1"><span class='ocrx_word' id='word_1_62' title='bbox 195 1484 281 1553; x_wconf 85' lang='lat'>1523</span> <span class='ocrx_word' id='word_1_63' title='bbox 304 1482 355 1547; x_wconf 69' lang='lat'><strong>42⁰.</strong></span> 
     </span>
    </p>

    <p class='ocr_par' dir='ltr' id='par_1_4' title="bbox 195 1587 1013 1901">
     <span class='ocr_line' id='line_1_12' title="bbox 238 1587 1013 1672; baseline -0.008 -11"><span class='ocrx_word' id='word_1_64' title='bbox 238 1597 292 1661; x_wconf 89' lang='lat' dir='ltr'><strong>De</strong></span> <span class='ocrx_word' id='word_1_65' title='bbox 308 1591 469 1660; x_wconf 82' lang='lat' dir='ltr'><strong>Gnidouis</strong></span> <span class='ocrx_word' id='word_1_66' title='bbox 483 1587 650 1656; x_wconf 80' lang='lat' dir='ltr'><strong>codicibus</strong></span> <span class='ocrx_word' id='word_1_67' title='bbox 666 1589 844 1656; x_wconf 81' lang='lat' dir='ltr'><strong>notandum</strong></span> <span class='ocrx_word' id='word_1_68' title='bbox 856 1599 915 1672; x_wconf 80' lang='lat' dir='ltr'><strong>est,</strong></span> <span class='ocrx_word' id='word_1_69' title='bbox 930 1591 1013 1656; x_wconf 91' lang='lat' dir='ltr'><strong>Bru-</strong></span> 
     </span>
     <span class='ocr_line' id='line_1_13' title="bbox 195 1702 1013 1789; baseline -0.01 -15"><span class='ocrx_word' id='word_1_70' title='bbox 195 1709 371 1774; x_wconf 80' lang='lat' dir='ltr'><strong>xellensem</strong></span> <span class='ocrx_word' id='word_1_71' title='bbox 394 1707 412 1768; x_wconf 87' lang='lat' dir='ltr'><strong>b</strong></span> <span class='ocrx_word' id='word_1_72' title='bbox 434 1704 622 1789; x_wconf 88' lang='lat' dir='ltr'><strong>plerumque</strong></span> <span class='ocrx_word' id='word_1_73' title='bbox 645 1703 826 1768; x_wconf 86' lang='lat' dir='ltr'><strong>consentire</strong></span> <span class='ocrx_word' id='word_1_74' title='bbox 850 1723 923 1768; x_wconf 88' lang='lat' dir='ltr'><strong>cum</strong></span> <span class='ocrx_word' id='word_1_75' title='bbox 937 1702 1013 1767; x_wconf 87' lang='lat' dir='ltr'><strong>Flo-</strong></span> 
     </span>
     <span class='ocr_line' id='line_1_14' title="bbox 195 1813 1013 1901; baseline -0.011 -14"><span class='ocrx_word' id='word_1_76' title='bbox 195 1820 322 1887; x_wconf 77' lang='lat' dir='ltr'><strong>rentino</strong></span> <span class='ocrx_word' id='word_1_77' title='bbox 344 1820 370 1901; x_wconf 78' lang='lat' dir='ltr'><strong>f,</strong></span> <span class='ocrx_word' id='word_1_78' title='bbox 394 1825 426 1881; x_wconf 77' lang='lat' dir='ltr'><strong>et</strong></span> <span class='ocrx_word' id='word_1_79' title='bbox 441 1813 718 1880; x_wconf 81' lang='lat' dir='ltr'><strong>Mediolanensem</strong></span> <span class='ocrx_word' id='word_1_80' title='bbox 733 1836 762 1878; x_wconf 89' lang='lat' dir='ltr'><strong>m</strong></span> <span class='ocrx_word' id='word_1_81' title='bbox 777 1836 851 1879; x_wconf 91' lang='lat' dir='ltr'><strong>cum</strong></span> <span class='ocrx_word' id='word_1_82' title='bbox 866 1813 1013 1880; x_wconf 84' lang='lat' dir='ltr'><strong>Romano</strong></span> 
     </span>
    </p>
   </div>
   <div class='ocr_carea' id='block_1_3' title="bbox 194 1924 1014 2245">
    <p class='ocr_par' dir='ltr' id='par_1_5' title="bbox 194 1924 1014 2245">
     <span class='ocr_line' id='line_1_15' title="bbox 194 1924 1013 2016; baseline -0.01 -18"><span class='ocrx_word' id='word_1_83' title='bbox 194 1957 222 2016; x_wconf 86' lang='lat' dir='ltr'><strong>r,</strong></span> <span class='ocrx_word' id='word_1_84' title='bbox 244 1934 290 1998; x_wconf 79' lang='lat' dir='ltr'><strong>ita</strong></span> <span class='ocrx_word' id='word_1_85' title='bbox 304 1941 413 1996; x_wconf 82' lang='lat' dir='ltr'><strong>tamen</strong></span> <span class='ocrx_word' id='word_1_86' title='bbox 427 1936 464 1994; x_wconf 81' lang='lat' dir='ltr'><strong>ut</strong></span> <span class='ocrx_word' id='word_1_87' title='bbox 478 1925 732 1992; x_wconf 82' lang='lat' dir='ltr'><strong>Mediolanensis</strong></span> <span class='ocrx_word' id='word_1_88' title='bbox 747 1948 812 1990; x_wconf 89' lang='lat' dir='ltr'><strong>non</strong></span> <span class='ocrx_word' id='word_1_89' title='bbox 833 1926 876 1990; x_wconf 80' lang='lat' dir='ltr'><strong>sit</strong></span> <span class='ocrx_word' id='word_1_90' title='bbox 892 1948 932 1990; x_wconf 86' lang='lat' dir='ltr'><strong>ex</strong></span> <span class='ocrx_word' id='word_1_91' title='bbox 946 1924 1013 1990; x_wconf 89' lang='lat' dir='ltr'><strong>Ro-</strong></span> 
     </span>
     <span class='ocr_line' id='line_1_16' title="bbox 194 2036 1014 2126; baseline -0.01 -15"><span class='ocrx_word' id='word_1_92' title='bbox 194 2067 290 2110; x_wconf 83' lang='lat' dir='ltr'><strong>mano</strong></span> <span class='ocrx_word' id='word_1_93' title='bbox 312 2040 510 2126; x_wconf 75' lang='lat' dir='ltr'><strong>descriptus:</strong></span> <span class='ocrx_word' id='word_1_94' title='bbox 533 2037 631 2104; x_wconf 77' lang='lat' dir='ltr'><strong>habet</strong></span> <span class='ocrx_word' id='word_1_95' title='bbox 653 2038 737 2102; x_wconf 87' lang='lat' dir='ltr'><strong>enim</strong></span> <span class='ocrx_word' id='word_1_96' title='bbox 760 2036 1014 2103; x_wconf 84' lang='lat' dir='ltr'><strong>Mediolanensis</strong></span> 
     </span>
     <span class='ocr_line' id='line_1_17' title="bbox 194 2145 1013 2245; baseline -0.017 -19"><span class='ocrx_word' id='word_1_97' title='bbox 194 2183 226 2245; x_wconf 90' lang='lat' dir='ltr'><strong>p.</strong></span> <span class='ocrx_word' id='word_1_98' title='bbox 239 2157 305 2225; x_wconf 75' lang='lat'><strong>453</strong></span> <span class='ocrx_word' id='word_1_99' title='bbox 328 2179 360 2220; x_wconf 85' lang='lat' dir='ltr'><strong>v.</strong></span> <span class='ocrx_word' id='word_1_100' title='bbox 375 2154 426 2221; x_wconf 90' lang='lat'><strong>11.</strong></span> <span class='ocrx_word' id='word_1_101' title='bbox 453 2154 492 2220; x_wconf 85' lang='lat'><strong>12</strong></span> <span class='ocrx_word' id='word_1_102' title='bbox 515 2149 616 2216; x_wconf 82' lang='lat' dir='ltr'><strong>verbu</strong></span> <span class='ocrx_word' id='word_1_103' title='bbox 639 2150 743 2231; x_wconf 84' lang='lat' dir='ltr'><strong>„inter</strong></span> <span class='ocrx_word' id='word_1_104' title='bbox 758 2145 957 2215; x_wconf 68' lang='lat' dir='ltr'><strong>carantanos</strong></span> <span class='ocrx_word' id='word_1_105' title='bbox 981 2157 1013 2214; x_wconf 86' lang='lat' dir='ltr'><strong>et</strong></span> 
     </span>
    </p>
   </div>
   <div class='ocr_carea' id='block_1_4' title="bbox 194 2260 1012 2351">
    <p class='ocr_par' dir='ltr' id='par_1_6' title="bbox 194 2260 1012 2351">
     <span class='ocr_line' id='line_1_18' title="bbox 194 2260 1012 2351; baseline -0.011 -16"><span class='ocrx_word' id='word_1_106' title='bbox 194 2269 343 2335; x_wconf 79' lang='lat' dir='ltr'><strong>Italiam“</strong></span> <span class='ocrx_word' id='word_1_107' title='bbox 368 2275 402 2331; x_wconf 77' lang='lat' dir='ltr'><strong>et</strong></span> <span class='ocrx_word' id='word_1_108' title='bbox 422 2289 455 2351; x_wconf 92' lang='lat' dir='ltr'><strong>p.</strong></span> <span class='ocrx_word' id='word_1_109' title='bbox 464 2264 528 2333; x_wconf 77' lang='lat'><strong>466</strong></span> <span class='ocrx_word' id='word_1_110' title='bbox 551 2261 798 2344; x_wconf 78' lang='lat' dir='ltr'><strong>v.12„M01es“</strong></span> <span class='ocrx_word' id='word_1_111' title='bbox 824 2285 843 2326; x_wconf 84' lang='lat' dir='ltr'><strong>a</strong></span> <span class='ocrx_word' id='word_1_112' title='bbox 866 2260 1012 2328; x_wconf 80' lang='lat' dir='ltr'><strong>Romano</strong></span> 
     </span>
    </p>
   </div>
   <div class='ocr_carea' id='block_1_5' title="bbox 192 2383 323 2449">
    <p class='ocr_par' dir='ltr' id='par_1_7' title="bbox 192 2383 323 2449">
     <span class='ocr_line' id='line_1_19' title="bbox 192 2383 323 2449; baseline -0.046 0"><span class='ocrx_word' id='word_1_113' title='bbox 192 2383 323 2449; x_wconf 83' lang='lat' dir='ltr'><strong>omissa.</strong></span> 
     </span>
    </p>
   </div>
   <div class='ocr_carea' id='block_1_6' title="bbox 529 2491 680 2500">
    <p class='ocr_par' dir='ltr' id='par_1_8' title="bbox 529 2491 680 2500">
     <span class='ocr_line' id='line_1_20' title="bbox 529 2491 680 2500; baseline -0.02 0"><span class='ocrx_word' id='word_1_114' title='bbox 529 2491 680 2500; x_wconf 69' lang='lat'><em>..-.—--—·</em></span> 
     </span>
    </p>
   </div>
   <div class='ocr_carea' id='block_1_7' title="bbox 191 2595 1015 3364">
    <p class='ocr_par' dir='ltr' id='par_1_9' title="bbox 191 2595 1015 3364">
     <span class='ocr_line' id='line_1_21' title="bbox 239 2595 1014 2682; baseline -0.01 -13"><span class='ocrx_word' id='word_1_115' title='bbox 239 2604 304 2669; x_wconf 90' lang='lat' dir='ltr'><strong>His</strong></span> <span class='ocrx_word' id='word_1_116' title='bbox 325 2612 394 2667; x_wconf 81' lang='lat' dir='ltr'><strong>tam</strong></span> <span class='ocrx_word' id='word_1_117' title='bbox 408 2599 607 2666; x_wconf 80' lang='lat' dir='ltr'><strong>Ravennatis</strong></span> <span class='ocrx_word' id='word_1_118' title='bbox 622 2605 726 2682; x_wconf 77' lang='lat' dir='ltr'><strong>&#39;quam</strong></span> <span class='ocrx_word' id='word_1_119' title='bbox 741 2595 902 2662; x_wconf 83' lang='lat' dir='ltr'><strong>Guidonis</strong></span> <span class='ocrx_word' id='word_1_120' title='bbox 926 2596 1014 2662; x_wconf 92' lang='lat' dir='ltr'><strong>codi-</strong></span> 
     </span>
     <span class='ocr_line' id='line_1_22' title="bbox 192 2709 1014 2793; baseline -0.01 -11"><span class='ocrx_word' id='word_1_121' title='bbox 192 2714 287 2782; x_wconf 86' lang='lat' dir='ltr'><strong>cibus</strong></span> <span class='ocrx_word' id='word_1_122' title='bbox 309 2717 358 2781; x_wconf 81' lang='lat' dir='ltr'><strong>ita</strong></span> <span class='ocrx_word' id='word_1_123' title='bbox 383 2714 434 2780; x_wconf 91' lang='lat' dir='ltr'><strong>usi</strong></span> <span class='ocrx_word' id='word_1_124' title='bbox 456 2733 586 2793; x_wconf 84' lang='lat' dir='ltr'><strong>sumus,</strong></span> <span class='ocrx_word' id='word_1_125' title='bbox 612 2719 649 2776; x_wconf 81' lang='lat' dir='ltr'><strong>ut</strong></span> <span class='ocrx_word' id='word_1_126' title='bbox 670 2731 834 2793; x_wconf 83' lang='lat' dir='ltr'><strong>nunquam</strong></span> <span class='ocrx_word' id='word_1_127' title='bbox 861 2709 925 2774; x_wconf 87' lang='lat' dir='ltr'><strong>nisi</strong></span> <span class='ocrx_word' id='word_1_128' title='bbox 947 2732 1014 2774; x_wconf 91' lang='lat' dir='ltr'><strong>mo-</strong></span> 
     </span>
     <span class='ocr_line' id='line_1_23' title="bbox 192 2822 1014 2894; baseline -0.009 -1"><span class='ocrx_word' id='word_1_129' title='bbox 192 2828 264 2894; x_wconf 81' lang='lat' dir='ltr'><strong>nito</strong></span> <span class='ocrx_word' id='word_1_130' title='bbox 285 2827 407 2891; x_wconf 77' lang='lat' dir='ltr'><strong>lectore</strong></span> <span class='ocrx_word' id='word_1_131' title='bbox 443 2823 484 2888; x_wconf 82' lang='lat' dir='ltr'><strong>ab</strong></span> <span class='ocrx_word' id='word_1_132' title='bbox 513 2845 623 2887; x_wconf 90' lang='lat' dir='ltr'><strong>eorum</strong></span> <span class='ocrx_word' id='word_1_133' title='bbox 655 2822 846 2888; x_wconf 77' lang='lat' dir='ltr'><strong>auctoritate</strong></span> <span class='ocrx_word' id='word_1_134' title='bbox 873 2841 1014 2886; x_wconf 88' lang='lat' dir='ltr'><strong>recesse-</strong></span> 
     </span>
     <span class='ocr_line' id='line_1_24' title="bbox 191 2932 1015 3022; baseline -0.015 -16"><span class='ocrx_word' id='word_1_135' title='bbox 191 2941 306 3006; x_wconf 88' lang='lat' dir='ltr'><strong>rimus.</strong></span> <span class='ocrx_word' id='word_1_136' title='bbox 359 2960 398 3002; x_wconf 81' lang='lat' dir='ltr'><strong>ea</strong></span> <span class='ocrx_word' id='word_1_137' title='bbox 425 2935 539 3022; x_wconf 80' lang='lat' dir='ltr'><strong>igitur,</strong></span> <span class='ocrx_word' id='word_1_138' title='bbox 569 2957 651 3019; x_wconf 78' lang='lat' dir='ltr'><strong>quse</strong></span> <span class='ocrx_word' id='word_1_139' title='bbox 679 2935 714 2998; x_wconf 91' lang='lat' dir='ltr'><strong>in</strong></span> <span class='ocrx_word' id='word_1_140' title='bbox 743 2932 882 2998; x_wconf 77' lang='lat' dir='ltr'><strong>editione</strong></span> <span class='ocrx_word' id='word_1_141' title='bbox 904 2940 1015 2997; x_wconf 79' lang='lat' dir='ltr'><strong>nostra</strong></span> 
     </span>
     <span class='ocr_line' id='line_1_25' title="bbox 191 3043 1014 3139; baseline -0.016 -21"><span class='ocrx_word' id='word_1_142' title='bbox 191 3054 359 3139; x_wconf 71' lang='lat' dir='ltr'><strong>legimur,</strong></span> <span class='ocrx_word' id='word_1_143' title='bbox 375 3071 449 3114; x_wconf 91' lang='lat' dir='ltr'><strong>cum</strong></span> <span class='ocrx_word' id='word_1_144' title='bbox 463 3045 611 3112; x_wconf 91' lang='lat' dir='ltr'><strong>omnibus</strong></span> <span class='ocrx_word' id='word_1_145' title='bbox 627 3044 793 3112; x_wconf 87' lang='lat' dir='ltr'><strong>codicibus</strong></span> <span class='ocrx_word' id='word_1_146' title='bbox 810 3043 1014 3130; x_wconf 81' lang='lat' dir='ltr'><strong>consentiunt</strong></span> 
     </span>
     <span class='ocr_line' id='line_1_26' title="bbox 192 3145 1014 3250; baseline -0.013 -20"><span class='ocrx_word' id='word_1_147' title='bbox 192 3186 334 3250; x_wconf 90' lang='lat' dir='ltr'><strong>quorum</strong></span> <span class='ocrx_word' id='word_1_148' title='bbox 355 3145 572 3246; x_wconf 73' lang='lat' dir='ltr'><strong>discrepentie</strong></span> <span class='ocrx_word' id='word_1_149' title='bbox 594 3181 659 3224; x_wconf 92' lang='lat' dir='ltr'><strong>non</strong></span> <span class='ocrx_word' id='word_1_150' title='bbox 681 3164 862 3224; x_wconf 79' lang='lat' dir='ltr'><strong>annotatur.</strong></span> <span class='ocrx_word' id='word_1_151' title='bbox 913 3155 1014 3220; x_wconf 82' lang='lat' dir='ltr'><strong>veluti</strong></span> 
     </span>
     <span class='ocr_line' id='line_1_27' title="bbox 193 3269 1015 3364; baseline -0.016 -20"><span class='ocrx_word' id='word_1_152' title='bbox 193 3299 272 3364; x_wconf 76' lang='lat' dir='ltr'><strong>pag.</strong></span> <span class='ocrx_word' id='word_1_153' title='bbox 286 3275 350 3344; x_wconf 89' lang='lat'><strong>300</strong></span> <span class='ocrx_word' id='word_1_154' title='bbox 373 3298 403 3340; x_wconf 80' lang='lat' dir='ltr'><strong>v.</strong></span> <span class='ocrx_word' id='word_1_155' title='bbox 419 3273 460 3343; x_wconf 81' lang='lat'><strong>18</strong></span> <span class='ocrx_word' id='word_1_156' title='bbox 488 3272 607 3359; x_wconf 79' lang='lat' dir='ltr'><strong>legitur</strong></span> <span class='ocrx_word' id='word_1_157' title='bbox 631 3269 815 3354; x_wconf 81' lang='lat' dir='ltr'><strong>„quidem“‚</strong></span> <span class='ocrx_word' id='word_1_158' title='bbox 843 3276 1015 3334; x_wconf 79' lang='lat' dir='ltr'><strong>annotatur</strong></span> 
     </span>
    </p>
   </div>
   <div class='ocr_carea' id='block_1_8' title="bbox 0 0 1236 3896">
    <p class='ocr_par' dir='ltr' id='par_1_10' title="bbox 0 0 1236 3896">
     <span class='ocr_line' id='line_1_28' title="bbox 0 0 1236 3896; baseline 0 0"><span class='ocrx_word' id='word_1_159' title='bbox 0 0 1236 3896; x_wconf 95' lang='lat' dir='ltr'><strong> </strong></span> 
     </span>
    </p>
   </div>
  </div>
 </body>
</html>
