2372 3904
261 291 314 347 lis

281 464 294 508 1
480 437 600 504 Unuca

281 567 295 612 a
482 541 616 609 Siciliba

281 671 295 716 a
482 646 579 733 Tyris

279 772 296 818 4
482 747 639 815 Ohisiduo

281 877 295 922 s
482 853 691 919 Membrisca.

281 983 296 1027 a
375 956 559 1024 Transeunt
581 966 688 1021 autem
702 979 761 1042 per
774 956 879 1041 ipsam
893 955 1098 1022 Africanam

281 1085 295 1129 r
330 1061 529 1146 provinciam
549 1061 634 1124 inter
657 1069 763 1126 cetera
784 1057 917 1124 flumina
938 1080 1022 1142 quae
1038 1059 1098 1125 di-

281 1187 296 1231 a
333 1173 461 1247 cuntur,
482 1163 517 1228 id
540 1173 590 1230 est

281 1291 295 1334 o
485 1266 583 1354 Cepsi

265 1394 296 1439 io
483 1372 531 1436 Te

266 1499 295 1543 11
483 1475 624 1540 Torrens
647 1483 679 1538 et

267 1602 297 1646 12
484 1579 681 1644 Panarezon.

266 1707 297 1752 la
367 1679 398 1748 6.
443 1681 527 1747 Item
548 1684 639 1748 iuxta
660 1704 747 1746 mare
769 1703 923 1768 magnum
938 1683 1092 1767 proxima

267 1811 309 1862 14,
335 1784 478 1850 eiusdem
506 1787 680 1851 Africanae
708 1786 850 1874 regionis
878 1786 999 1850 reiacet
1028 1810 1091 1872 pa-

267 1913 297 1959 15
333 1890 397 1954 tria
408 1912 488 1974 quae
500 1890 619 1955 dicitur
627 1887 965 1954 NumidiaBizacium.
987 1911 1089 1973 quam

266 2021 298 2066 16
335 1993 524 2060 Numidiam
538 1994 636 2059 iidem
649 1993 832 2079 philosophi
846 1994 901 2076 qui
916 2015 1015 2078 supra
1028 2017 1088 2058 no-

266 2124 298 2168 17
335 2099 447 2164 minati
474 2107 550 2163 sunt
579 2095 708 2180 quidem
735 2096 934 2182 praedictam
955 2097 1087 2163 Africa-

267 2227 298 2272 ιε
335 2225 410 2266 nam
422 2203 587 2288 regionem
601 2201 798 2288 designasse,
818 2200 882 2286 ipsi
903 2210 936 2264 et
950 2199 1086 2266 eandem

268 2331 298 2376 19
335 2302 524 2369 Numidiam
547 2304 794 2389 descripserunt.
840 2303 898 2369 sed
917 2293 997 2368 dum
1020 2328 1085 2370 non
1184 2375 1185 2394 ἶ

339 2497 351 2539 1
373 2493 459 2540 Unuca
472 2497 541 2540 etiam
550 2495 614 2552 Ant,
634 2494 709 2542 Inuca
724 2495 779 2541 rab.
829 2495 843 2540 2
863 2495 974 2541 scieiliba
984 2496 1006 2540 B
1019 2496 1082 2553 editi,

336 2564 454 2612 Sicilibba
484 2566 548 2623 raa,
579 2564 691 2612 Sioiiibra
713 2568 769 2612 Aoi.
850 2567 864 2611 3
896 2565 995 2612 Thuriis
1027 2567 1082 2613 Tot.

337 2637 353 2682 4
377 2635 493 2683 Chisiduo
512 2640 582 2682 etiam
594 2637 649 2682 Tot.
716 2637 731 2683 ὅ
755 2636 898 2684 Membriasa
919 2635 983 2693 aaa,
1011 2639 1082 2702 Μέμ-

335 2711 425 2776 βρησα
451 2709 554 2767 Ρνοοορ.
650 2708 663 2752 6
692 2709 790 2754 africam
817 2709 850 2763 A,
887 2708 1026 2753 affricanum
1051 2709 1081 2753 B.

338 2780 351 2823 7
373 2779 387 2823 8
415 2783 558 2838 ceteraque
576 2779 689 2826 dicuntur
707 2778 805 2826 flumina
824 2777 848 2824 0.
914 2779 987 2824 9-11
1012 2777 1081 2837 Cepsi

337 2849 498 2906 TeTorrensl
522 2851 599 2908 repsit
621 2854 646 2894 at
665 2863 746 2896 orrens
763 2847 838 2905 ABG,
866 2847 964 2907 Capsite
983 2849 1081 2897 Torrens

337 2917 401 2977 editi,
429 2918 520 2978 Cynips
542 2919 576 2966 Be
594 2920 696 2967 'l'orrens
721 2923 770 2966 tria
786 2919 888 2980 flamina
908 2920 954 2966 sibi
972 2923 1081 2978 proxima

341 2989 397 3036 Tob.
444 2991 475 3036 12
495 2990 708 3038 Panazeronedr'ti.
755 2993 786 3038 14
799 2992 911 3036 affricano
920 2991 952 3036 B.
998 2991 1028 3035 15
1046 2992 1080 3036 bi·

338 3063 423 3108 zancifi
440 3061 474 3117 B,
500 3061 622 3120 trigarium
640 3062 716 3122 [corr.
734 3061 865 3119 bizacium)
886 3059 910 3117 0,
937 3062 1080 3120 Byzancium

338 3133 402 3180 editi.
452 3133 483 3178 16
502 3133 532 3178 17
551 3133 683 3180 numidiam
696 3133 805 3191 quamvis
817 3146 890 3190 supra
901 3132 1019 3178 nominati
1030 3133 1080 3190 phi·

337 3204 433 3264 losophi
449 3203 582 3262 predictam
601 3203 626 3250 0.
694 3206 724 3251 16
753 3204 827 3250 isdem
845 3202 897 3248 AB.
962 3204 992 3249 17
1020 3203 1079 3249 affri-

339 3281 398 3322 cana
414 3275 443 3333 B,
463 3277 502 3334 qai
519 3277 554 3322 aie
571 3277 671 3333 saepias.
729 3276 759 3320 18
780 3274 927 3333 designasset
946 3271 970 3320 C.
