2376 3904
274 315 330 370 418
1021 319 1043 365 V
1061 321 1092 366 28

298 489 309 534 1
345 465 435 530 tania
448 486 529 548 quae
543 464 627 528 infra
641 461 808 528 Oceanum
823 463 933 528 existit
947 462 1093 546 dicimus,

296 591 311 636 2
346 566 406 632 scd
432 569 514 634 haec
539 567 685 632 Britania
718 569 802 632 intra
829 567 995 652 Europam
1026 591 1093 632 esse

295 698 311 742 a
346 670 556 758 dignoscitur.
578 670 783 756 postmodum
793 672 899 757 tangit
909 671 980 756 ipse
991 669 1094 738 Ocea·

296 802 311 844 4
347 798 408 840 nus
430 772 660 855 Guascouiam,
683 797 764 859 quae
781 775 955 858 Equitania
978 775 1096 840 dicitur

296 904 311 950 5
348 887 381 943 et
413 899 500 942 nunc
527 875 827 964 Spauoguasconia,
860 901 970 942 verum
1002 879 1095 942 etiam

297 1006 312 1050 c
347 991 449 1046 totam
477 980 631 1066 Spaniam
659 1003 777 1064 usque,
806 990 842 1044 ut
871 980 1028 1063 diximus,
1056 981 1096 1046 ad

297 1110 311 1154 7
346 1087 465 1152 fretum
479 1082 777 1170 Septegaditanum.
822 1085 877 1167 qui
899 1108 998 1170 supra
1020 1083 1097 1150 scii-

296 1214 311 1260 s
347 1199 422 1274 ptus
444 1187 606 1268 Oceanus,
628 1189 690 1252 etsi
709 1211 774 1252 nou
792 1188 989 1272 permittitur
1007 1189 1096 1253 iussu

297 1318 312 1365 o
348 1293 478 1358 factoris
494 1300 582 1356 totus
597 1292 753 1378 navigari,
775 1301 915 1358 attamen
929 1292 1000 1376 ipse
1015 1292 1098 1377 girat

281 1421 312 1466 ro
347 1405 452 1460 totum
474 1394 639 1478 mundum,
668 1397 753 1462 sicut
775 1395 829 1460 alii
851 1394 1004 1459 dixerunt
1027 1395 1095 1480 phi-

281 1526 310 1569 11
348 1499 484 1584 losophi.
535 1523 625 1582 nam,
652 1509 689 1565 ut
714 1500 769 1564 alii
793 1498 883 1564 affati
908 1507 1002 1580 sunt,
1033 1521 1097 1563 cre·

281 1628 312 1672 12
349 1602 490 1668 dendum
512 1613 562 1668 est
584 1605 659 1687 quia
680 1613 754 1688 post
767 1600 895 1666 Indiam
907 1602 1097 1667 Dimiricam

282 1731 313 1776 ra
349 1707 474 1797 ΕγὶΙαῑ,
503 1706 539 1771 id
567 1716 616 1772 est
643 1709 677 1771 in
704 1706 807 1790 primo
830 1702 982 1787 Oriente,
1011 1707 1097 1772 nullo

282 1836 313 1880 14
350 1809 446 1876 modo
469 1811 537 1896 ipse
562 1808 713 1876 Oceanus
741 1806 782 1873 ab
804 1807 988 1874 hominibus
1011 1812 1097 1875 inve-

282 1935 313 1979 15
350 1916 472 1996 niatur,
510 1916 601 1999 quia,
639 1924 675 1978 ut
706 1913 827 1976 dictum
858 1922 923 1994 est,
961 1914 1097 1978 creatori

282 2037 313 2081 16
350 2019 492 2082 omnium
507 2017 730 2084 tantummodo
748 2017 912 2102 cognitum
927 2025 987 2080 est.
1028 2041 1098 2082 nam

282 2140 312 2183 17
348 2123 528 2208 praefatum
557 2122 711 2186 mundum
739 2128 772 2184 et
799 2121 861 2205 ipsi
883 2118 1018 2186 Oceano
1041 2122 1097 2184 cir-

282 2245 312 2289 18
350 2235 550 2311 cumseptum
572 2225 792 2291 decreverunt.

353 2393 364 2434 1
386 2390 459 2446 infra]
473 2391 502 2434 dc
515 2389 633 2434 infraAB
645 2388 710 2434 editi.
737 2389 747 2434 ΙΙ
772 2389 973 2434 ooaanoBediti.
1014 2389 1097 2434 esri-

349 2461 432 2505 tannin
450 2459 514 2506 editi.
564 2460 730 2514 3dinoaeitur
741 2457 790 2504 BC.
845 2459 1014 2519 4Equitania
1033 2461 1097 2505 etiam

349 2529 453 2576 Annales
471 2531 604 2576 Nazaraei
622 2536 684 2576 cont.
702 2532 727 2575 ia
744 2529 815 2576 Perta
833 2545 893 2575 mon.
912 2531 932 2576 1.
947 2531 1032 2588 1242,
1054 2532 1097 2576 Au-

349 2600 417 2646 aalca
440 2599 552 2662 Scopuli.
568 2603 677 2646 -soaiorca
704 2601 760 2646 ibid.
782 2615 810 2659 p.
829 2601 871 2646 73.
894 2599 926 2647 71
934 2618 943 2657 ,·
967 2600 1097 2660 Aquitania

350 2672 414 2717 editi.
487 2674 501 2718 5
530 2673 743 2736 spano-gasconia
760 2673 793 2728 A,
822 2685 897 2730 spano
917 2673 1050 2731 guasconia
1070 2671 1096 2717 Β.

350 2743 360 2790 ΙΙ
371 2749 535 2788 verumtamen
552 2745 575 2788 B
593 2743 657 2789 editi.
712 2745 726 2790 6
754 2749 807 2788 tota
818 2742 862 2790 illa
873 2743 959 2802 spania
975 2746 1006 2800 A,
1026 2749 1096 2790 totam

349 2813 416 2860 illam
435 2815 543 2872 spaniam
562 2815 584 2859 B
602 2814 667 2860 odiri.
695 2813 704 2859 ΙΙ
730 2815 761 2860 ad
779 2827 824 2859 ora.
844 2815 886 2859 AB
905 2814 970 2859 editi.
1027 2816 1096 2860 800-

351 2891 426 2930 ceam'r
445 2885 473 2930 A.
497 2884 507 2929 ΙΙ
528 2886 585 2941 etsi}
604 2884 643 2930 vei
660 2886 679 2930 si
692 2885 737 2930 AB
749 2885 813 2930 edit-i.
859 2887 872 2930 9
892 2889 958 2930 totus
976 2899 1024 2932 om.
1037 2885 1096 2931 editi.

350 2956 360 3002 ΙΙ
371 2956 493 3014 nauigaris
505 2957 534 3002 Α.
561 2955 571 3001 ΙΙ
596 2961 667 3015 gyrat
685 2957 749 3002 editi.
805 2958 834 3001 11
863 2956 984 3002 afatirdB.
1014 2957 1025 3002 ΙΙ
1046 2961 1097 3014 post

318 3034 321 3039 '
350 3033 406 3072 snut
418 3025 462 3071 Bc
472 3026 529 3072 editi
541 3027 631 3072 addant
644 3029 707 3084 qnod
720 3032 751 3072 et.
808 3028 838 3072 15
859 3028 916 3084 quia
929 3030 966 3084 ut]
986 3039 1005 3086 q
1019 3033 1061 3072 afit
1072 3028 1095 3070 A.

351 3098 459 3142 iuratori
477 3098 507 3142 B.
564 3099 594 3143 17
624 3099 670 3156 ipsi
689 3111 791 3143 occeano
810 3095 858 3155 Ac,
886 3099 964 3155 ipsum
983 3109 1096 3144 occanum

349 3170 372 3214 B
392 3169 457 3214 editi.
503 3169 512 3213 ΙΙ
555 3169 759 3228 circumscriptum
778 3166 825 3214 AC.
889 3170 920 3214 18
945 3176 1004 3226 [rost
1023 3172 1088 3216 decre

350 3245 435 3284 verunt
458 3238 476 3284 C
497 3239 552 3286 cdd.
577 3239 692 3299 prologus
715 3239 820 3286 auctoris
847 3251 917 3298 super
940 3239 1028 3286 insulis
1052 3239 1097 3298 qui-

349 3311 458 3356 busdam.
