2376 3904
100 463 110 506 1
306 435 419 500 Ebusa

99 565 114 608 a
307 537 423 604 Gabis.

99 668 114 712 a
186 640 241 709 28.
287 641 514 707 Terminantes
538 641 676 726 denique
691 644 807 709 Asiam
823 645 912 710 Atri-

98 775 114 818 4
153 768 225 812 cam
248 768 307 810 seu
330 746 508 831 Europam,
532 745 573 810 ad
597 768 782 831 supremum
805 756 842 812 ut
864 748 912 813 di-

99 876 113 920 a
153 872 265 915 camus
295 848 475 932 completur
504 849 673 914 universus
702 850 864 933 mundus5
892 876 911 917 a

99 980 113 1022 a
151 963 246 1039 parte
274 953 397 1037 primae
420 950 565 1018 Orientis
592 951 705 1018 Indiae
733 955 911 1020 Dimiricae

101 1083 114 1126 r
151 1057 263 1122 Evilat
292 1053 417 1120 habens
452 1057 523 1141 ipse
556 1055 696 1121 mundus
724 1058 822 1124 finem
850 1058 911 1124 deo

100 1186 115 1230 a
152 1170 265 1226 nostro
286 1157 511 1226 tantummodo
540 1160 723 1246 cognitum,
753 1164 844 1246 quia,
873 1173 910 1229 ut

101 1290 115 1333 e
154 1265 313 1344 diximus,
342 1264 424 1329 nulli
453 1263 620 1328 hominum
647 1266 840 1350 permissum
862 1276 912 1332 est

84 1394 116 1438 10
152 1370 250 1436 finem
266 1365 411 1432 eiusdem
425 1368 548 1452 primae
564 1363 708 1434 Orientis
722 1369 835 1435 Indiae
849 1371 912 1434 Di-

84 1497 113 1539 11
153 1473 285 1537 miricae
319 1470 429 1536 Evilat
462 1469 613 1555 reperire.
669 1469 801 1538 dextrae
834 1497 911 1540 vero

85 1597 116 1642 ra
152 1577 255 1662 partis
276 1573 461 1660 praedictae
482 1572 595 1638 Indiae
609 1574 787 1640 Dimiricae
801 1577 911 1643 Evilat

85 1701 116 1744 ra
152 1679 316 1744 invenitur
331 1675 483 1744 Oceanus
507 1678 562 1762 qui
584 1679 690 1765 tangit
704 1678 831 1744 Indiam
845 1689 910 1745 ter·
941 1689 944 1694 '

85 1808 116 1850 14
154 1784 234 1848 tiam
260 1783 414 1848 maiorem
443 1804 540 1866 quam
566 1781 785 1867 praediximus
808 1783 910 1848 Ther-

85 1911 116 1955 1s
153 1886 338 1950 manticem.
384 1887 534 1951 sinistrae
563 1896 671 1950 autem
693 1886 795 1970 partis
817 1910 911 1972 prae-

85 2014 116 2058 is
153 1989 239 2055 fatae
266 1988 379 2054 Indiae
407 1990 586 2054 Dimiricae
613 1989 723 2053 Evilat
751 1989 910 2075 reperitur

85 2117 116 2162 17
154 2091 306 2159 Oceanus
337 2092 467 2160 Sericus
495 2093 609 2158 Indiae
631 2092 840 2158 Bactrianae:
867 2092 909 2158 ad

156 2358 168 2401 1
190 2355 285 2402 Ebusus
299 2354 373 2412 Pla„
387 2354 483 2400 Ebusus
493 2346 691 2419 Mela'lrlflvcoc
704 2347 908 2421 &radesma-

153 2443 201 2477 σος
209 2425 281 2484 Prot,
300 2441 362 2471 acac
374 2425 447 2485 Ivipa.
503 2427 517 2470 2
538 2423 626 2480 Gabis}
647 2439 717 2483 „unm
732 2423 811 2471 Gades
829 2426 905 2472 erit?“

151 2496 240 2544 Porcii.
276 2497 286 2543 ΙΙ
317 2503 374 2556 post
397 2495 473 2543 Gabis
493 2495 584 2542 Cudd.
608 2497 637 2540 de
660 2496 827 2542 terminatione
851 2512 907 2558 asye

150 2569 235 2614 affrice
253 2581 349 2627 europe.
390 2567 492 2625 qualiter
515 2573 580 2612 totus
602 2568 706 2612 mundus
729 2567 863 2626 completur
884 2575 908 2616 ct

152 2641 182 2686 de
201 2639 288 2685 finibus
306 2639 411 2685 universi
430 2639 519 2683 mundi.
576 2638 590 2682 6
619 2637 705 2682 dimice
723 2639 753 2682 Α.
813 2640 826 2684 7
855 2639 906 2698 ipse

152 2723 199 2756 om.
219 2710 242 2754 B
260 2710 329 2765 editi,
356 2709 399 2755 aad
416 2709 438 2753 Β
462 2711 486 2754 ia
504 2709 612 2767 marpiac
630 2722 701 2766 apr.
720 2723 750 2753 m.
770 2709 841 2754 tabat
858 2711 905 2769 ipe.

153 2783 168 2828 8
189 2780 257 2838 quial
278 2784 326 2840 qui
343 2782 371 2826 A.
428 2781 441 2825 9
462 2783 510 2835 est]
530 2779 609 2824 estin
627 2779 671 2823 ΑΒ
689 2780 753 2825 editi.
811 2782 841 2826 10
860 2780 907 2827 fine

152 2852 197 2898 AB
215 2851 278 2897 editt.
310 2853 319 2896 ll
345 2852 427 2897 mirice
445 2851 474 2896 A.
549 2850 579 2895 11
608 2849 691 2896 Evilat
715 2865 759 2896 om.
779 2850 823 2896 AB
842 2852 905 2897 editi.

151 2923 161 2968 ΙΙ
173 2922 289 2981 repperiri
317 2923 350 2979 A,
387 2923 485 2981 reperiri
511 2922 534 2967 B
561 2920 626 2966 editi.
710 2922 740 2965 1⁶2
769 2921 851 2967 mirica
876 2924 905 2967 A.

153 2995 184 3040 13
213 2993 296 3040 Indiae
325 2994 394 3050 editi,
427 3007 472 3039 om.
498 2991 546 3039 AC.
621 2993 652 3038 14
680 2998 738 3050 post
765 2993 860 3038 tertiam
890 2990 908 3038 C

149 3065 205 3110 add.
217 3070 317 3122 partem.
336 3064 346 3111 ll
362 3064 534 3122 praediximus}
547 3063 653 3109 diximus
665 3062 735 3117 adita·
747 3061 780 3122 cf.
791 3063 842 3107 114
861 3064 903 3108 11.

149 3138 226 3194 llpcat
244 3137 408 3193 praediximus
428 3135 446 3180 0
463 3134 518 3180 add.
538 3134 637 3180 indiam.
664 3132 674 3178 ΙΙ
699 3134 865 3179 thermaticam
875 3133 903 3190 A,

148 3207 317 3253 thermaricam
335 3207 365 3252 Β.
417 3207 447 3252 16
467 3205 550 3252 Evilat
569 3219 614 3250 om.
632 3205 677 3249 AB
695 3204 760 3250 editi.
810 3206 841 3249 17
861 3205 903 3250 ba-

148 3279 226 3324 triane
244 3276 314 3336 ABG,
334 3279 374 3337 qai
390 3292 444 3323 mua
462 3277 593 3324 bactriana.
