2378 3902
82 337 113 384 [V
132 339 163 384 19
846 337 899 390 tet

103 507 113 548 1
150 483 222 548 liter
242 483 420 568 praefatam
449 492 665 568 exposuerunt
689 488 826 570 patriam
847 486 899 550 vel

103 606 116 650 r
152 586 293 652 eiusdem
307 588 430 672 patriae
444 587 591 652 civitates
607 609 671 651 non
687 599 899 655 consonantes
996 670 998 675 ³

104 709 117 753 e
153 691 405 772 nominaverunt,
427 689 485 755 scd
499 691 581 756 alius
597 688 679 756 dixit
693 691 796 774 aliter,
818 693 899 758 alius

105 811 119 854 4
154 817 226 859 vero
242 795 306 860 alio
321 793 427 858 mcdc.
465 793 524 859 sed
539 816 599 880 ego
617 794 795 859 secundum
807 818 900 880 prae-

106 913 118 956 s
154 899 349 964 nominatum
364 895 547 964 Castorium
561 897 761 983 praedictam
773 897 901 964 Italiam

107 1018 120 1062 s
154 1002 203 1065 vel
225 1001 293 1067 eius
316 1002 462 1068 civitates
484 1003 657 1066 nominavi.

108 1121 120 1164 7
197 1102 289 1186 Quae
310 1105 407 1170 Italia
429 1105 528 1172 habet
555 1107 639 1171 infra
661 1129 696 1172 se
717 1105 901 1192 provincias

108 1223 121 1267 s
154 1209 381 1274 famosissimas
405 1209 517 1274 decem
540 1217 572 1274 ct
595 1218 680 1292 octo,
707 1209 739 1274 id
763 1220 813 1275 est
833 1210 901 1275 Li-

108 1327 121 1371 9
156 1313 899 1398 guma,provinciaVenetiarum,Istria:

95 1429 124 1473 ro
156 1437 225 1480 nam
246 1417 363 1482 iterum
376 1440 435 1501 per
448 1416 646 1502 imperialem
661 1426 814 1483 estratam
827 1440 902 1503 pro-

95 1531 123 1574 11
156 1519 236 1584 xima
264 1522 501 1606 suprascriptae
535 1521 718 1606 provinciae
747 1521 902 1609 Liguriae
993 1577 994 1580 ,

96 1632 124 1676 11
156 1622 371 1709 Traspadinae
402 1633 452 1688 est
478 1625 644 1710 provincia
673 1647 755 1709 quae
782 1625 902 1691 dieitur

98 1737 125 1782 11
155 1725 314 1809 Emilia,
343 1736 376 1792 et
404 1727 447 1792 ad
474 1751 562 1793 mare
583 1751 737 1815 magnum
758 1727 902 1794 Adriati-

99 1840 125 1884 11
158 1851 225 1898 cum
253 1839 304 1897 est
330 1833 497 1917 provincia
524 1832 722 1898 Flaminia
747 1831 901 1897 Raven-

99 1943 124 1988 m
156 1935 276 2014 natis3
320 1935 398 2000 item
431 1937 667 2002 Annonaria
699 1936 902 2020 Pentapo-

99 2047 124 2090 11
152 2037 274 2118 lensis
306 2048 356 2104 est
386 2062 482 2126 super
503 2043 606 2126 ipsam
629 2039 901 2124 Pentapolim,

156 2261 167 2304 2
187 2266 345 2308 consonanter
363 2261 428 2307 editi.
483 2262 500 2308 4
517 2265 586 2319 vero]
601 2263 664 2308 dixit
677 2261 721 2308 AB
738 2261 803 2308 editi.
822 2262 832 2308 ll
849 2274 902 2321 pre·

154 2331 225 2378 latum
245 2331 275 2383 0..
326 2333 340 2378 ὃ
361 2333 498 2393 ,nestorium
518 2331 541 2380 G.
597 2335 611 2379 9
634 2335 771 2392 provincias
789 2333 817 2391 A,
845 2347 901 2392 pro·

154 2403 237 2448 vintias
255 2403 285 2448 Β.
322 2403 332 2448 ΙΙ
366 2403 534 2460 venetiarum]
558 2403 616 2450 laec
640 2403 741 2450 Guidcut
764 2404 844 2450 eodem
867 2408 902 2449 cst

154 2487 210 2532 quae
230 2474 324 2520 Histria
347 2488 402 2520 cum
419 2474 542 2520 Neustria.
570 2474 580 2520 ll
605 2475 690 2522 nietria
707 2477 740 2533 A,
767 2476 861 2534 hystria
878 2475 902 2520 B

154 2545 214 2602 editi,
232 2545 309 2604 ystria
322 2543 346 2602 C,
365 2545 457 2592 Histria
469 2559 524 2591 cum
535 2545 648 2592 Nenstria
661 2545 744 2592 Gutdc.
801 2545 831 2592 10
860 2557 902 2604 per

153 2615 298 2674 imperialem
322 2621 436 2662 estratam
456 2615 592 2662 nonhabet
612 2615 695 2662 Guidc.
722 2614 732 2662 t
757 2621 857 2663 suetam
876 2613 901 2664 G.

156 2687 183 2732 12
202 2685 395 2732 Trans-Padinae
406 2686 472 2732 editi.
511 2687 542 2732 13
561 2687 665 2733 Aemilia
677 2687 742 2734 editi.
784 2687 902 2733 1411111-

153 2757 224 2804 minia
241 2756 289 2804 AO.
317 2757 327 2802 ll
352 2758 472 2803 ravenatis
490 2759 521 2803 Β.
578 2759 608 2804 15
637 2759 763 2806 anncrario
782 2759 830 2815 AB,
859 2771 902 2803 an-

153 2828 237 2874 noniea
256 2825 292 2884 Gf,
311 2829 425 2875 annerica
444 2825 475 2875 Gb
494 2834 517 2874 et
534 2828 598 2887 apud
614 2829 763 2876 Marcellum
781 2829 810 2874 de
829 2829 902 2875 Romu

151 2901 242 2956 prisco,
269 2899 358 2944 Romae
367 2899 437 2944 1523
461 2900 511 2945 ito.
531 2897 584 2959 fol.
594 2901 659 2958 111,
687 2902 819 2947 annonaria
836 2900 901 2958 regio

155 2969 282 3016 Trebellius
294 2969 373 3016 Pollio
393 2971 421 3016 de
437 2970 527 3016 Tetrico
545 2973 644 3029 sectore,
663 2971 777 3017 Picenum
795 2983 902 3017 annona-

153 3040 211 3086 rium
228 3041 323 3088 Notitr'a
341 3041 405 3101 dipu.
434 3041 443 3086 ΙΙ
468 3042 666 3101 penthapolensis
686 3041 710 3088 O.
785 3037 815 3087 16
843 3054 901 3100 pan·

153 3111 268 3170 thapolim
288 3111 316 3168 03
342 3113 363 3157 si
381 3113 458 3170 ipsam
476 3112 627 3172 Pentapolim
650 3114 676 3158 id
699 3110 736 3159 eet
752 3111 901 3171 provinciam

153 3181 302 3228 castellorum
321 3182 438 3228 diuersam
456 3197 504 3228 erec
521 3189 614 3230 statuar
636 3185 665 3229 ab
683 3182 824 3230 Annonaria
841 3181 902 3226 Pen-

152 3252 282 3310 apolensi,
304 3267 414 3300 uumerus
436 3253 565 3300 octodecim
582 3256 762 3313 provinciarium
784 3257 901 3298 cauetur.

155 3322 226 3370 curu
246 3330 323 3370 tomen
342 3323 428 3383 differt.
