2408 3892
106 353 192 390 svmo
214 341 264 387 122
882 334 935 388 549

128 514 140 557 1
178 511 251 551 rum
277 494 415 571 tangens
437 484 626 570 Aegyptum
654 485 847 548 inferiorem.
892 483 935 555 ad

125 617 140 662 a
176 591 318 655 frontem
346 611 423 653 vero
452 587 596 654 eiusdem
617 588 812 674 Aethiopiae
837 588 935 654 habet

126 722 140 766 a
176 695 260 760 fines
281 693 462 778 pergrande
484 691 613 758 Nitriae
632 715 788 774 eremum,
818 692 934 758 deinde

125 827 141 870 4
178 797 380 883 praedictam
406 797 613 882 Aegyptum,
642 818 724 878 quae
752 819 786 862 se
816 797 935 881 spatio-

124 929 139 975 5
177 902 304 968 sissime
320 899 485 966 dilatando
501 922 603 983 usque
623 899 666 964 ad
680 923 768 966 mare
782 923 935 987 magnum

125 1031 139 1076 a
179 1002 376 1070 extenditur.

124 1135 139 1180 ⁷
200 1107 275 1178 122.
309 1108 423 1172 Africa
437 1106 536 1172 habet
550 1107 631 1172 fines
648 1107 689 1174 ab
705 1109 827 1174 oriente
842 1130 934 1193 prae·

123 1238 139 1284 a
174 1215 276 1279 latam
297 1211 454 1277 Arabiam
476 1220 509 1276 et
531 1213 696 1298 regionem
717 1213 814 1278 maris
830 1212 935 1279 Rubri

124 1343 139 1387 a
179 1327 213 1382 et
225 1341 265 1381 ex
275 1325 367 1402 parte
378 1316 545 1403 regionem
554 1315 788 1382 Hebraeorum.
818 1316 935 1406 deinde

106 1446 140 1491 10
177 1419 220 1486 ad
235 1443 321 1485 mare
337 1442 491 1506 magnum
504 1421 695 1484 terminatur
713 1419 756 1486 ad
771 1421 935 1486 civitatem

106 1549 139 1594 11
178 1547 262 1609 quae
285 1533 421 1588 vocatur
435 1522 670 1606 Rinoouroren,
692 1547 774 1607 quae
796 1526 936 1610 pertinet

106 1652 140 1697 12
178 1626 222 1694 ad
254 1628 391 1712 patriam
422 1627 578 1714 Aegypti.
630 1626 672 1691 ad
701 1636 826 1712 partem
858 1650 935 1694 vero

106 1755 141 1800 13
178 1731 462 1817 septentrionalem
496 1728 594 1794 habet
623 1730 721 1796 finem
751 1753 838 1794 mare
867 1753 935 1796 ma-

106 1860 143 1907 14
178 1859 290 1922 gnum,
313 1834 404 1900 ouius
425 1835 521 1900 litora
541 1835 734 1920 navigantur
754 1856 813 1918 per
834 1841 935 1898 totam

106 1963 141 2010 1⁶
178 1939 368 2024 Aegyptum
396 1948 428 2003 et
453 1937 684 2002 Mauritaniam
706 1933 935 2023 cyrenensem

106 2069 141 2114 16
178 2042 326 2106 Africam
354 2050 450 2125 atque
473 2039 677 2122 Numidiam,
704 2041 935 2107 Mauritaniam

106 2172 142 2218 1⁷
179 2144 434 2226 Caesariensem,
457 2144 665 2230 Tingitanum
688 2167 816 2230 quoque
838 2144 935 2209 Mau-

105 2275 142 2323 18
178 2251 338 2330 litaniam,
364 2249 523 2332 simulque
546 2247 777 2314 Mauritaniam
799 2246 935 2314 Gadita·

107 2379 141 2425 19
178 2378 255 2419 nam
275 2376 378 2437 usque
399 2350 441 2416 ad
463 2353 590 2438 saepius
605 2353 805 2417 nominatum
818 2353 935 2418 fretum

215 2582 306 2628 codices
324 2580 373 2642 bfv.
411 2579 445 2641 cf.
457 2580 517 2628 Rau.
532 2581 584 2626 116
603 2579 637 2625 12
650 2593 686 2638 eq.
705 2584 728 2624 et
746 2579 798 2626 165
817 2579 849 2624 11
863 2593 899 2638 aq.

182 2694 193 2737 1
222 2692 332 2750 egiptum
350 2689 376 2751 f.
451 2691 465 2736 2
494 2691 600 2749 ethiopia
618 2688 644 2751 s.
717 2691 731 2736 8
759 2689 882 2736 heremum
893 2687 934 2749 fa.

179 2765 196 2809 4
223 2762 348 2821 praedicta
365 2761 401 2808 bv.
438 2760 448 2807 ii
483 2762 591 2821 egiptum
604 2760 630 2822 f.
661 2759 670 2806 ΙΙ
704 2760 880 2820 speciosissime
899 2757 934 2819 bf.

179 2834 193 2880 t
222 2833 396 2904 dillatandolv.
465 2834 479 2878 7
507 2839 562 2878 aute
583 2832 667 2879 Africa
689 2847 703 2878 a
726 2831 797 2878 babet
820 2831 935 2877 terminus

178 2905 243 2951 asiae
261 2908 286 2949 et
304 2917 415 2962 europae.
444 2902 453 2949 ΙΙ
479 2903 552 2949 africe
572 2903 593 2950 h.
650 2904 664 2949 8
686 2904 700 2948 9
728 2901 935 2960 maris-regio-

177 2989 232 3022 nem
250 2989 296 3021 om.
314 2989 337 3020 v.
392 2976 421 3020 11
451 2974 626 3032 Rinoeurorenl
645 2974 805 3020 rinoouronen
824 2972 846 3028 b,
869 2973 935 3018 nico-

177 3059 256 3092 uronu
272 3059 294 3090 a.
350 3045 381 3090 12
410 3046 486 3104 egipti
503 3043 530 3105 f.
587 3048 619 3092 14
639 3045 722 3091 littora
733 3041 774 3104 so.
832 3041 862 3087 15
886 3042 936 3101 egi-

177 3114 279 3176 ptumf.
307 3115 317 3161 ΙΙ
343 3116 488 3162 cirenensem
501 3114 536 3176 tf.
603 3117 634 3162 16
660 3115 767 3162 affricam
784 3110 810 3172 f.
838 3112 848 3157 ΙΙ
878 3119 936 3170 port

177 3187 316 3233 Numidiam
334 3188 437 3244 opattam
452 3200 551 3232 vaewm
570 3187 592 3232 b.
669 3186 700 3231 17
731 3184 887 3229 eesortenaem
908 3181 934 3243 f.

178 3257 378 3314 itMauritaniaml
405 3257 551 3304 maritimam
575 3271 596 3304 v.
676 3256 707 3302 18
735 3254 886 3300 moritaniam
907 3251 934 3313 s,

178 3329 337 3376 mauritanum
365 3327 386 3373 b.
