2372 3904
304 281 356 336 194
1046 287 1087 336 lv
1112 290 1129 334 9

320 453 332 495 1
371 429 580 516 signaverunt
608 431 763 515 patriam,
798 431 881 498 alius
911 431 989 496 dixit
1015 433 1127 514 ahter,

319 553 334 598 a
371 534 452 598 alius
475 556 551 598 vero
567 533 629 598 alio
644 533 750 598 modo.
796 533 857 600 sed
871 558 931 622 ego
946 535 1126 601 secundum

320 658 334 702 a
370 636 550 722 praefatum
564 637 793 704 Aristarchum
810 637 944 704 inferius
959 639 1056 704 dictas
1074 640 1125 704 ci-

320 762 335 806 4
371 741 487 808 vitales
511 740 654 806 eiusdem
678 740 891 806 Macedoniae
914 742 1088 830 designavi.

321 863 334 909 5
414 844 454 908 In
478 867 542 930 qua
563 843 759 910 Macedonia
780 845 935 930 plurimas
957 848 1051 914 fuisse
1076 848 1124 912 ci-

321 969 335 1012 s
371 950 489 1014 diates
512 949 661 1035 legimus,
673 972 725 1012 -ex
741 948 858 1032 quibus
874 950 1049 1033 quuanlas
1064 949 1125 1014 de-

322 1073 335 1116 7
374 1053 501 1140 signare
523 1053 683 1134 volumus,
709 1052 744 1117 id
767 1063 817 1120 esi
838 1054 930 1119 iuxta
951 1078 1032 1118 mare
1055 1077 1123 1118 ma-

321 1174 336 1217 a
373 1180 474 1242 gnum
494 1157 625 1242 ponitur
649 1156 762 1222 civitas
785 1180 867 1240 quae
891 1157 1007 1222 dicitur

322 1276 336 1320 s
524 1259 693 1345 Neapolis,
716 1260 793 1326 item

306 1380 336 1426 10
525 1363 668 1448 Philippi

306 1487 335 1530 11
527 1467 730 1553 Amphipolis

305 1589 337 1636 12
525 1570 700 1656 Apollonia

306 1694 337 1738 rs
526 1675 698 1760 Melisurgi

307 1806 338 1852 14
527 1777 732 1844 Thesalonioi

306 1909 337 1957 η
527 1883 618 1947 Pella

308 2014 338 2058 1⁶
528 1988 653 2052 Beroea

307 2118 339 2165 1⁷
527 2091 673 2156 Acerdos

308 2223 338 2266 18
530 2196 650 2259 Arulos

379 2360 390 2403 1
421 2359 485 2404 dixit
504 2371 548 2402 om.
567 2359 595 2402 Α,
657 2359 671 2402 2
700 2372 757 2404 vero
777 2373 821 2404 om.
835 2359 863 2404 A.
892 2359 901 2403 il
921 2364 979 2415 post
997 2359 1064 2404 modo
1081 2356 1117 2402 AC
1175 2357 1176 2377 ¹

377 2429 434 2474 add.
453 2427 515 2474 alius
532 2442 589 2474 vero
602 2430 645 2474 sio.
700 2431 715 2474 3
735 2429 891 2476 aristarchum
903 2430 931 2472 A.
988 2431 1003 2474 4
1021 2430 1114 2475 eiusdem

376 2515 421 2545 om.
444 2497 467 2544 C.
523 2500 536 2545 5
559 2501 573 2545 6
602 2501 712 2546 civitates
729 2501 803 2546 fnisse
824 2498 848 2546 0.
904 2501 917 2544 6
940 2505 999 2558 post
1016 2499 1113 2546 civitates
1174 2527 1175 2562 3

379 2570 468 2616 eade.
488 2572 574 2617 dictus.
648 2573 661 2616 9
691 2570 806 2630 Neapolis
829 2572 899 2616 eiiam
919 2569 940 2616 V
960 2571 995 2618 12
1018 2577 1039 2616 ei
1057 2570 1111 2626 rau,
1174 2571 1175 2599 l

317 2688 319 2692 ,
376 2641 479 2700 Neapoli
497 2642 552 2686 Act.
609 2644 639 2686 10
659 2641 765 2701 Philippi
783 2645 853 2688 etiam
870 2642 892 2686 V
907 2641 948 2699 12,
968 2641 1074 2701 phylippi
1087 2641 1111 2696 B,

376 2712 495 2772 Philippis
513 2714 568 2757 Ant.
581 2719 604 2757 et
620 2713 675 2757 Tab.
733 2715 761 2758 11
787 2712 941 2771 Amphipolis
959 2716 1029 2759 etiam
1046 2713 1110 2768 1⁷12,
1173 2711 1174 2718 ’

377 2783 531 2843 amphypolis
549 2784 578 2840 s,
608 2782 748 2842 Amphipoli
766 2785 822 2829 nar.
842 2790 863 2829 a
880 2783 935 2830 rab.
992 2785 1022 2830 12
1047 2783 1111 2842 Apol-
1173 2751 1174 2821 l

376 2854 443 2900 lonia
465 2857 534 2900 etiem
552 2854 616 2911 Ani,
643 2853 792 2914 Appollonia
813 2855 876 2908 Tol..
904 2853 1110 2913 ApoloniaV12.

379 2927 410 2970 18
438 2925 584 2985 MelissIrgin
612 2926 675 2981 Tau,
702 2925 864 2984 Mellissurgin
886 2926 949 2982 Aah,
978 2924 1110 2984 Melisirgion
1172 2924 1173 2937 ¹

382 2997 461 3042 Vra.
535 2999 565 3042 14
593 2997 745 3042 Thesalonici
766 2998 836 3042 etiam
853 2997 874 3042 V
890 2997 935 3052 12,
963 2997 1110 3042 Thessalonici

377 3068 441 3125 editi,
454 3067 637 3114 Thessalonicae
651 3067 715 3124 Tah„
728 3067 1059 3114 ThessalonioaAnt.at196
1075 3069 1110 3112 17.
1171 3071 1172 3084 ¹

380 3139 410 3184 15
424 3139 491 3185 Pella
502 3140 572 3184 etiam
586 3140 607 3184 V
621 3139 662 3195 12,
679 3139 734 3184 Ant.
752 3137 807 3184 ras.
846 3139 877 3184 16
896 3138 995 3194 Beroea}
1007 3141 1039 3184 sic
1049 3139 1109 3196 V12,

376 3211 431 3256 Aac.
444 3210 508 3267 Tul„
531 3211 604 3256 borea
617 3212 645 3264 A,
668 3210 756 3256 beroea
772 3207 820 3254 ΒΟ.
878 3211 907 3254 17
934 3209 1036 3256 Acerdos
1051 3213 1109 3256 ctiam

381 3282 402 3326 V
412 3282 445 3328 12
465 3289 487 3326 er
500 3281 563 3339 Tol„
582 3283 669 3327 acedos
681 3281 703 3325 B
715 3280 779 3326 editi.
831 3281 861 3326 18
880 3279 967 3326 Arnlos
986 3284 1049 3327 etiam
1061 3282 1107 3327 Tol.
