2464 3896
124 287 135 332 1
160 287 192 333 ro
496 347 498 350 ¹
911 279 947 332 25

144 457 157 498 1
229 430 281 500 ll).
326 429 393 497 Sed
415 438 448 495 et
469 430 523 494 alii
537 429 731 515 philosophi,
754 428 820 512 qui,
841 436 879 492 ut
894 449 947 492 su·

142 559 158 603 a
196 534 420 622 prediximus,
442 557 515 598 eum
537 534 629 617 quasi
652 532 713 598 sub
728 529 947 618 profunditate

143 661 159 705 c
197 637 320 708 Oceani
334 637 571 704 ambulatumm
590 635 751 718 dixerunt,
774 635 851 700 dum
865 635 947 702 mul-

142 765 159 808 4
195 753 245 807 tas
279 742 502 808 altercationes
536 742 570 804 in
605 741 670 805 suis
704 741 947 826 proposuissent

142 867 157 910 5
196 846 375 932 opusculis,
408 855 441 910 et
473 845 538 910 hoc
565 847 671 931 ipsum
700 843 946 925 altercarerunt,

141 969 156 1012 c
196 949 338 1016 dicentes
361 947 448 1034 quod
461 949 514 1014 vel
530 949 558 1014 si
573 949 627 1014 alii
643 948 756 1013 dicunt
773 948 850 1030 quia
863 948 947 1012 infre

142 1072 156 1115 7
196 1050 362 1118 Oceanum
377 1053 603 1126 innumerabili
617 1054 721 1138 spatio
742 1051 865 1116 itineris
881 1051 946 1116 sint

140 1173 156 1218 s
194 1165 318 1221 montes
333 1165 407 1240 post
422 1179 502 1240 quos
519 1157 567 1222 sol
582 1155 680 1220 vadet
695 1164 727 1218 et
743 1163 861 1235 cetere,
883 1154 946 1220 hoc

141 1277 156 1321 e
193 1260 282 1325 nullo
303 1258 399 1325 modo
420 1259 539 1324 veritas
555 1269 615 1342 est,
638 1260 714 1343 quia
729 1257 881 1324 Oceanus
895 1268 946 1325 to·

123 1379 155 1424 10
192 1373 261 1428 tum
278 1364 435 1428 circuiens
450 1363 616 1446 mundum,
636 1363 710 1428 finis
726 1365 795 1428 eius
810 1364 944 1428 ulterius

124 1481 155 1526 11
191 1467 244 1533 dei
266 1467 357 1532 iussu
378 1468 467 1532 nullo
482 1467 578 1532 modo
600 1469 771 1532 invenitur.
816 1469 944 1551 etquis

122 1584 154 1628 12
190 1570 274 1636 vidit
285 1571 351 1636 suis
363 1572 465 1636 oculis
477 1572 550 1636 illos
561 1571 708 1638 montes?
720 1571 777 1636 ubi
787 1573 821 1636 in
833 1581 945 1638 sancte

122 1688 155 1733 13
191 1677 353 1761 scriptura
374 1697 445 1741 esse
459 1675 631 1762 leguntur?
655 1675 698 1740 ad
716 1699 797 1760 quos
813 1675 945 1749 obvian-

123 1794 156 1839 14
190 1789 241 1844 tes
272 1779 318 1843 illi
339 1780 523 1866 philosophi
547 1790 579 1844 et
606 1779 781 1866 prudentes
804 1781 865 1844 viri
895 1803 945 1846 re-

122 1895 154 1942 15
190 1882 363 1969 spondent,
377 1893 411 1948 et
423 1907 482 1949 nos
497 1885 543 1949 ita
557 1883 706 1965 dicimuS,
721 1883 808 1967 quod
819 1879 944 1966 Oceani

123 2001 154 2046 16
189 1988 325 2052 ulterius
340 1987 427 2072 apud
441 1988 586 2053 homines
601 1988 676 2052 finis
691 2011 755 2051 non
766 1987 943 2066 invenitur3

122 2107 152 2150 1⁷
191 2091 250 2157 sed
278 2091 415 2157 dicimus
445 2093 520 2176 quia
548 2086 624 2156 sunt
652 2099 777 2156 montes
808 2092 944 2156 creatori

121 2213 153 2258 rs
190 2196 324 2283 cogniti,
347 2194 434 2281 apud
448 2195 594 2261 homines
609 2195 772 2281 inreperti,
790 2194 943 2260 sublimes

121 2319 152 2363 19
190 2309 287 2385 atque
309 2298 568 2386 investigabiles,
596 2308 671 2384 post
694 2321 791 2383 quos,
821 2307 859 2363 ut
886 2300 945 2368 fati

119 2426 151 2471 ao
189 2426 312 2486 sumus,
341 2403 389 2468 sol
413 2403 563 2490 gradiens
587 2403 703 2466 iterum
725 2404 864 2490 refulget
886 2405 944 2472 ho·

119 2531 152 2576 21
188 2507 340 2574 minibus.
385 2508 510 2573 namsi
526 2507 597 2591 quis
614 2530 654 2570 ex
669 2504 761 2572 vobis
780 2507 847 2572 suis
862 2508 945 2573 vidit

119 2633 150 2678 22
188 2613 293 2677 oculis
316 2610 404 2696 quod
426 2611 474 2676 sol
496 2611 557 2675 sub
578 2609 796 2697 profunditate
820 2635 944 2696 peram-

118 2739 150 2784 ne
188 2713 278 2780 bulet
301 2722 333 2779 et
354 2713 494 2798 reliqua,
518 2724 573 2778 aut
589 2713 645 2779 ubi
659 2715 721 2780 hoc
736 2715 770 2778 in
785 2715 945 2805 scriptura
1036 2730 1040 2738 '

190 2967 203 3010 1
233 2970 258 3011 et
275 2979 320 3011 om.
333 2965 398 3012 editi.
454 2966 468 3012 6
497 2965 537 3012 vel
555 2967 583 3022 sil
601 2965 694 3013 nuic.
713 2965 723 3010 ΙΙ
746 2967 810 3025 quial
829 2967 895 3026 quod
912 2968 942 3014 Β.

190 3037 221 3082 10
250 3035 358 3082 circuens
374 3037 405 3082 B.
423 3035 434 3082 ΙΙ
452 3035 552 3084 ultimus
570 3037 635 3083 aditi.
702 3037 732 3082 11
761 3038 897 3085 inuenietur
913 3039 942 3084 A.

190 3108 221 3153 12
250 3106 341 3154 occulis
363 3108 392 3152 B.
460 3108 492 3154 16
523 3106 622 3154 ultimus
645 3107 709 3154 editi.
778 3109 810 3154 18
837 3109 940 3167 cogniti]

76 3181 79 3190 “
187 3179 289 3224 fuissent
299 3179 329 3224 A.
342 3178 352 3223 ΙΙ
364 3178 485 3234 sublimes}
495 3177 556 3224 niles
565 3181 594 3224 A.
633 3180 664 3224 19
683 3179 802 3224 fectiAB.
840 3180 873 3224 '28
893 3182 942 3235 aut}

188 3255 214 3294 at
232 3248 253 3294 B
271 3247 336 3294 editi.
