2410 3904
358 589 503 676 Agabus.

247 694 334 760 Item
357 680 530 779 supers‘unt
552 693 710 775 civitates,
731 692 766 758 id
789 704 838 759 est

358 797 507 884 Leugipo

359 899 516 967 Ositionis
539 923 657 966 nesson

357 1006 527 1091 Aegyptos

359 1105 474 1173 Oreias

359 1211 556 1276 Tharsantes

358 1314 538 1380 Thedeeles

358 1419 533 1483 Thunuoes

127 2065 162 2110 16
207 2041 324 2107 fluvius
349 2041 405 2125 qui
427 2041 546 2106 dicitur
568 2041 683 2122 Nilus,
714 2042 770 2125 qui
792 2050 842 2107 est
864 2065 961 2128 super

128 2170 162 2214 17
209 2145 336 2210 diversa
357 2143 490 2210 flumina
510 2145 715 2231 praecipuUS,
737 2145 793 2230 qui
808 2154 841 2210 et
853 2145 960 2210 varias

129 2273 164 2318 18
208 2251 348 2314 ferarum
378 2249 483 2335 gignit
512 2249 682 2335 progenies
712 2271 794 2334 quae
824 2249 960 2314 creatori

130 2376 164 2420 19
208 2376 266 2419 suo
282 2355 315 2418 in
330 2351 454 2417 eisdem
468 2352 652 2440 nimphibus
673 2353 867 2418 nutriuntur.
905 2353 960 2438 qui

210 2547 221 2589 1
251 2543 347 2590 Mandis
370 2545 441 2590 etiam
463 2542 527 2599 rat„
552 2543 650 2589 matidis
670 2541 694 2600 0,
722 2542 801 2590 Madis
816 2543 836 2590 V
852 2543 875 2600 7,
901 2545 960 2592 Μα-

207 2612 303 2683 partile
329 2617 396 2660 iuxta
424 2607 531 2679 Ἀκαβίς
556 2612 639 2659 ΡιοΜ
693 2614 707 2658 2
734 2614 828 2673 Agabis
855 2613 912 2660 editi
934 2619 961 2659 ut

208 2685 260 2730 137
279 2687 312 2730 10
340 2691 364 2730 et
390 2685 442 2730 V6
463 2686 477 2730 7
506 2690 529 2730 et
555 2683 610 2730 Tui.
669 2686 684 2729 3
713 2699 785 2744 supra
811 2690 868 2731 sunt
895 2683 960 2730 editi.

208 2755 323 2816 neugio
342 2757 371 2801 A.
428 2756 442 2802 5
462 2758 568 2811 pessum]
592 2755 636 2802 AB
654 2755 719 2812 editi,
743 2757 759 2802 i.
772 2769 792 2800 ι.
811 2754 913 2819 νῆσονῖ
934 2761 961 2801 ut

207 2841 282 2886 supra
295 2827 344 2872 131
369 2827 399 2872 14
420 2825 595 2873 Sciosnessou.
651 2827 665 2872 6
686 2826 779 2885 egiptos
791 2825 839 2884 Ao,
858 2826 961 2886 Kyptou

207 2898 304 2944 Membe
323 2899 339 2942 i.
353 2911 373 2943 e.
391 2897 511 2956 Memphis
532 2898 556 2942 in
574 2896 651 2944 indice
669 2898 760 2956 copiieo
779 2897 845 2955 apud
863 2895 959 2955 Champ.

209 2967 278 3028 l'Ey.
305 2983 325 3014 ε.
346 2966 362 3014 l.
385 2967 464 3014 ΡΜ
491 2968 521 3014 91
552 2967 568 3014 2
591 2967 651 3013 365.
737 2970 751 3014 7
781 2967 865 3014 Orcias
893 2967 959 3012 editi.

209 3041 224 3086 8
244 3039 389 3086 'l'harsautes
407 3039 473 3087 editi.
533 3040 546 3084 9
567 3037 691 3086 chedecles
710 3037 734 3085 0.
795 3040 826 3086 10
845 3039 961 3085 Thunuce

208 3110 273 3156 aditi.
329 3111 360 3156 13
379 3110 508 3157 Boseanon
525 3109 590 3156 editi.
645 3111 677 3156 14
697 3109 791 3165 Cenon]
811 3108 876 3156 Cene
893 3106 962 3154 Anti

211 3181 243 3228 15
263 3194 335 3238 quam
349 3182 451 3238 patriam
463 3181 538 3240 egipti
550 3181 668 3239 prefatam
687 3179 711 3227 C.
763 3182 793 3226 18
813 3181 913 3240 gignant
930 3178 960 3234 Β,

211 3253 339 3310 progignit
356 3254 385 3309 A,
405 3253 529 3313 progignit
549 3250 572 3298 0.
629 3253 661 3298 19
679 3253 765 3298 iisdem
783 3251 847 3296 editi.
865 3249 875 3294 ΙΙ
892 3262 961 3308 nym-

211 3323 299 3382 phibus
318 3322 383 3368 editi.
