2404 3896
263 335 315 390 464
947 349 1033 384 omno
1054 337 1088 385 Ἡ

283 508 294 550 1
466 483 625 549 Bardulos
647 505 729 567 quse
752 492 785 548 et
805 483 941 548 Barnlos
1002 551 1004 558 ‚

281 607 296 652 2
464 587 691 653 Thirrennium
703 609 785 671 quae
795 587 971 652 etTrannis
984 599 1017 652 et
1029 588 1084 651 In-

281 711 296 756 8
333 701 509 757 teramnem
525 713 613 756 nunc
628 690 817 755 vcroTrane
833 688 961 755 dicitur.
996 691 1085 755 hanc

279 815 296 859 4
333 793 465 880 quidam
486 801 670 860 asseverant
692 793 779 877 quod
795 818 814 859 a
830 794 977 880 Tyrreno
998 793 1084 858 duce

281 915 295 960 5
334 895 466 981 Cadmi,
495 898 551 981 qui
577 920 636 983 pro
664 919 771 962 sorore
800 897 944 964 eiusdem
962 894 1085 962 'Cadmi

281 1019 295 1063 e
332 1001 462 1087 Europe
473 1000 665 1087 Hispaniam
674 1023 777 1086 usque
787 1001 923 1067 navibus
934 1002 1085 1082 accessit,

281 1124 294 1168 7
332 1116 408 1191 post
434 1127 615 1192 regressum
641 1129 718 1171 vero
744 1114 936 1192 tempestate
961 1103 1086 1190 ibidem

281 1227 295 1271 s
333 1209 486 1295 appulsus
509 1207 549 1273 de
573 1231 630 1274 suo
652 1210 780 1274 nomine
801 1211 840 1273 in'
855 1209 950 1274 litore
964 1206 1086 1272 Adria-

281 1331 295 1375 o
332 1313 390 1377 tici
413 1314 501 1378 sinus
525 1335 595 1376 eam
618 1311 771 1377 condidit.
816 1336 913 1397 quam
928 1309 1085 1393 Quintius

264 1439 294 1483 ιο
334 1417 447 1482 consul
462 1415 681 1482 Romanorum
700 1437 759 1502 pro
773 1417 970 1482 immissione
983 1417 1084 1480 immo

263 1541 293 1585 11
333 1520 537 1606 susceptione
554 1518 747 1584 Hannibalis
768 1541 842 1584 cum
852 1521 995 1586 Tarante
1008 1520 1086 1584 fun-

263 1644 294 1688 12
332 1622 419 1688 ditus
442 1624 566 1688 evertit.
609 1623 813 1708 postmodum
826 1647 904 1689 vero
926 1623 965 1688 ab
981 1646 1076 1688 uxori

263 1747 294 1792 13
332 1727 463 1791 Traiani
479 1727 622 1814 Augusti
636 1750 694 1812 pro
705 1727 830 1792 Hernia
845 1729 970 1815 collega
980 1725 1085 1792 Octa-

262 1851 295 1895 14
331 1832 417 1895 viani
439 1833 538 1896 attavi
561 1831 611 1896 sui
638 1831 841 1896 reaedificata
863 1842 924 1914 est,
952 1830 1086 1916 quando

262 1953 293 1998 11
330 1957 412 2020 pons
435 1944 467 1998 et
489 1936 586 2000 turris
608 1958 705 2020 supra
718 1935 838 2001 fluenta
852 1935 964 2000 Aufidi
977 1937 1085 2000 amnis

262 2059 293 2103 16
330 2039 421 2104 iuxta
443 2035 618 2103 Canusium
648 2048 788 2104 castrum
814 2043 850 2105 in
877 2042 978 2126 ipsius
999 2040 1087 2104 Tra·

262 2163 292 2208 17
330 2143 395 2206 iani
417 2139 574 2228 dignitate
604 2141 725 2207 conditi
747 2154 832 2208 sunt.
877 2145 911 2208 in
933 2167 996 2228 qus
1020 2144 1087 2208 sci-

218 2241 220 2246 ’
262 2265 292 2310 te
330 2246 407 2310 licet
428 2256 517 2309 turre
539 2247 619 2310 miro
634 2246 743 2312 labore
759 2269 797 2312 cc
811 2247 919 2334 lapide
933 2257 1088 2312 constru-

261 2369 292 2412 19
331 2358 384 2413 cta
405 2350 492 2413 tituli
513 2349 687 2435 perhendie
704 2375 861 2417 marmore
874 2352 975 2416 latino
989 2354 1086 2438 apice

364 2502 455 2548 codices
473 2501 545 2563 bsmr.
794 2504 827 2566 cf.
839 2507 899 2552 Rev.
913 2507 964 2551 261
984 2507 999 2551 2
1022 2507 1049 2552 3.

331 2609 342 2652 1
373 2607 504 2666 Bardulos]
533 2610 646 2656 dardulos
666 2609 692 2671 f.
730 2611 739 2656 ΙΙ
773 2611 888 2668 Barulos}
911 2614 1013 2660 baruros
1038 2615 1085 2667 tm,

329 2679 416 2724 bauros
441 2693 463 2723 r.
527 2681 541 2724 2
569 2682 715 2728 thirennium
739 2680 773 2741 bs.
810 2683 820 2729 ll
853 2685 1034 2731 iinterramnem
1062 2699 1086 2729 r.

329 2751 345 2794 4
373 2750 483 2808 quidam}
511 2751 583 2797 etiam
603 2751 631 2812 f.
676 2753 686 2800 ll
729 2754 823 2800 thireno
849 2769 883 2813 m,
926 2757 1032 2802 thiramo
1061 2771 1085 2800 r.

330 2820 343 2865 5
365 2819 462 2877 Cadmi}
482 2821 605 2883 cathinis,
625 2825 714 2870 cathmi
727 2824 748 2870 b.
776 2825 786 2870 ΙΙ
811 2824 935 2888 cathinis,
955 2827 1049 2874 cathmi
1062 2827 1083 2871 ὁ.

330 2892 343 2936 6
366 2892 491 2952 yspaniam
505 2890 530 2952 s,
559 2895 668 2952 spaniam
686 2895 707 2940 b.
763 2897 776 2942 8
804 2895 874 2942 littor
885 2896 912 2957 f.
968 2899 982 2942 9
1010 2899 1087 2957 quin-

328 2963 379 3007 cius
391 2959 417 3022 f.
474 2964 505 3008 10
524 2963 573 3010 imo
585 2980 630 3010 mr.
679 2968 710 3012 11
730 2967 851 3012 hanibalis
861 2982 906 3026 mr,
926 2969 1052 3016 annibalis
1056 2968 1084 3030 f.

327 3033 337 3078 ll
346 3039 437 3079 tanente
449 3047 472 3078 r.
519 3037 550 3080 13
568 3037 664 3096 trayani
671 3035 697 3097 f.
725 3036 734 3082 ΙΙ
753 3051 797 3096 pro
807 3037 905 3096 Hernta}
917 3039 1085 3101 prohemiss,

328 3104 441 3164 phernia
460 3104 508 3158 tm,
532 3104 649 3164 phernla
666 3121 692 3163 r,
720 3123 751 3152 aa
769 3107 882 3154 Plotina?
910 3123 971 3168 „pro
989 3111 1087 3157 honore

329 3175 437 3232 coniugis
457 3175 553 3221 Traiani
577 3191 604 3223 ac
627 3178 681 3223 sui“
704 3179 841 3224 Momnueo.
876 3180 886 3226 ll
919 3181 1028 3240 collega}
1053 3196 1088 3228 ex

328 3243 397 3304 lege?
424 3245 434 3290 ΙΙ
459 3246 588 3308 octavies.
636 3251 668 3294 14
686 3250 765 3295 notavi
777 3265 807 3295 m.
835 3250 845 3296 ΙΙ
869 3252 1028 3298 rehcdifioata
1033 3251 1086 3314 sm,

327 3315 457 3361 hedificata
476 3330 497 3360 r.
570 3320 600 3364 16
630 3322 770 3366 cannusium
788 3335 810 3366 r.
883 3323 914 3368 19
942 3325 1089 3381 perhendiel

327 3384 451 3444 phendie
468 3401 513 3444 mr,
541 3386 609 3444 infra
626 3393 739 3448 perendie
757 3405 777 3437 c.
790 3391 831 3438 99.
859 3393 868 3438 ll
892 3393 981 3440 latines
993 3393 1023 3455 f.
