2408 3892
107 343 190 380 evmo
211 333 262 378 114
878 329 931 382 541

123 501 136 546 1
173 478 254 542 tatis
278 473 399 540 Christi
420 473 658 561 praedieatione
680 475 842 560 perduxit,
870 475 932 541 ibi·

120 603 135 648 2
176 579 252 644 dem
267 578 410 645 martirio
426 587 598 643 coronatus
614 579 782 662 quiescens
796 579 931 644 immen-

122 708 137 753 t
176 683 222 748 sis
263 683 434 747 choruscat
471 679 656 746 virtutibus.
711 681 796 746 hanc
834 683 931 748 etiam

120 811 137 857 4
177 784 457 871 splendidissimus
479 784 578 848 levita
601 793 633 848 et
655 793 778 870 martyr
798 783 930 850 Ybasus

123 915 138 962 t
176 911 252 954 eum
286 889 353 954 suis
386 888 482 954 sociis
515 888 671 968 illustrat,
704 889 760 971 qui
791 888 930 953 Athenis

123 1019 138 1064 6
178 992 334 1058 oriundus
369 991 456 1077 apud
489 991 698 1076 praemissam
725 991 931 1076 Apolloniam

124 1123 139 1168 7
176 1096 321 1161 martirio
344 1103 515 1160 coronatus
538 1103 598 1177 est,
619 1091 759 1177 indeque
775 1093 930 1158 advectus

125 1227 139 1272 a
178 1221 254 1264 eum
273 1177 372 1264 ⁴sociis
388 1207 420 1263 et
436 1198 556 1263 sanetis
572 1198 751 1284 peregrinis
766 1197 933 1284 'signorum

125 1327 139 1371 s
178 1305 299 1368 virtute
322 1301 362 1368 ab
389 1300 605 1366 invisibilibus
634 1310 730 1384 atque
751 1299 932 1366 visibilibus

108 1433 141 1478 10
178 1406 326 1472 hostibus
349 1405 474 1470 confert
495 1406 661 1469 munitam.

109 1539 140 1583 11
223 1511 256 1573 A
279 1532 376 1596 snpra
398 1506 487 1572 dieta
514 1510 614 1596 igitur
636 1507 753 1574 Larisa
773 1531 832 1593 per
853 1508 934 1573 hora

110 1641 141 1687 12
179 1615 277 1680 maris
306 1635 408 1697 usqua
437 1611 479 1676 ad
506 1611 592 1676 hane
614 1610 655 1676 ab
677 1611 853 1676 Anastasio
874 1612 933 1676 im-

110 1745 142 1790 13
178 1727 327 1804 peratore
353 1722 565 1782 restauratam
596 1737 692 1797 quam
721 1735 808 1778 nune
831 1715 934 1778 cerni-

110 1848 143 1892 14
179 1844 252 1887 mus
273 1820 474 1906 Dyraehium
497 1818 644 1883 civitates
672 1827 748 1882 sunt
774 1818 934 1902 'qninqua-

111 1951 142 1998 1⁵
179 1925 272 2013 ginta
310 1932 434 2010 septem
473 1930 506 1986 et
544 1929 760 2008 supputantur
798 1920 935 1986 miliaria

111 2055 143 2100 16
178 2049 333 2114 passuum
355 2027 442 2092 mille
464 2024 646 2090 duodecim.

111 2159 143 2203 17
206 2128 280 2197 114.
325 2129 414 2196 Hine
437 2151 564 2214 quoque
588 2130 701 2194 civitas
723 2137 773 2194 est

111 2263 143 2308 18
332 2233 477 2298 Pistrum

111 2368 143 2412 19
331 2337 464 2403 Lissum

111 2473 144 2518 20
331 2439 439 2506 Diode

111 2579 143 2624 21
332 2542 457 2610 Codras

111 2682 144 2726 22
329 2649 521 2714 Buecinium

112 2783 145 2828 23
331 2751 448 2818 Budua

332 2855 527 2922 Decadaron

333 2959 513 3045 Epitauron
533 2959 589 3025 ubi
609 2980 694 3024 nune
710 2967 760 3023 est
774 2955 935 3021 Ratisium

218 3185 292 3232 codas
310 3185 331 3230 b.
513 3200 534 3229 v.
546 3185 577 3230 11
591 3199 627 3244 sq.
646 3181 679 3244 cf.
692 3183 751 3228 Rau.
764 3181 797 3228 37
802 3181 816 3225 9
835 3181 898 3239 Asq.

184 3308 217 3350 14
245 3305 420 3365 quinquaginta
437 3309 540 3364 septem]
559 3311 613 3350 sunt
630 3306 800 3364 quinquaqinta
816 3317 865 3348 sea.
