2464 3896
288 348 318 387 vt
476 391 478 398 ¹
619 349 769 383 rnaararro.

330 489 370 555 In
393 513 457 574 qua
479 490 680 556 conficienda
708 489 827 555 auxilio
856 487 950 554 nobis
972 489 1105 554 fuerunt

288 607 315 668 A
356 602 458 668 codex
480 602 678 685 Vaticanus,
710 601 854 668 Urbinas
879 602 954 683 961,
984 601 1106 666 saeculi

352 735 419 798 xur,
448 712 728 796 membranaceus,
757 714 843 779 foliis
872 713 947 778 latis
970 712 1105 798 pollices

354 826 460 892 Rhen.
473 827 505 908 6,
519 826 621 890 lineas
634 828 666 908 7,
681 825 754 890 altis
766 825 899 912 pollices
912 825 944 907 9,
959 823 1061 889 lineas
1074 825 1104 892 6.

352 939 489 1025 paginae
505 946 581 1002 sunt
595 936 776 1023 bipertitae,
798 959 950 1002 versuum
969 936 1026 1014 293
1051 957 1105 1000 co-

350 1050 531 1115 lumnarum
547 1047 684 1112 latitudo
700 1057 750 1112 est
760 1048 945 1134 pollicumd
960 1057 993 1112 et
1005 1049 1105 1112 linea—

353 1184 424 1225 rum
448 1163 479 1242 2,
502 1158 638 1224 altitudo
661 1160 816 1245 pollicum
838 1159 868 1226 6.
919 1158 1106 1224 inscribitur

356 1272 418 1354 „In
447 1272 509 1336 hoc
538 1293 671 1357 corpore
695 1271 878 1335 continetur
901 1271 1106 1358 chosmogra

352 1383 439 1469 phya
477 1392 509 1447 et
545 1405 749 1447 romanorum
786 1383 939 1468 ystoria.“
995 1383 1105 1448 insunt

353 1503 480 1580 praeter
508 1494 731 1560 Ravennatem
764 1494 918 1559 nonnulla
945 1494 1105 1580 Eutropii,

351 1603 446 1671 Pauli
474 1606 630 1688 Diaconi,
661 1593 812 1685 aliorum3
847 1606 945 1671 series
976 1606 1105 1691 pontifi-

357 1741 430 1783 cum
452 1717 672 1783 Romanorum
689 1709 756 1782 eto.

329 1829 437 1894 Huius
467 1829 588 1895 codicis
616 1829 721 1894 varias
750 1830 906 1895 lectiones
932 1831 967 1896 in
988 1829 1105 1917 viginti

287 1941 412 2008 duabus
427 1941 554 2029 paginis
571 1940 770 2026 conscriptas
784 1943 881 2007 tertio
894 1941 1105 2030 Geographo-

285 2077 358 2119 rum
367 2053 522 2118 volumini
532 2053 669 2118 inseruit
685 2051 823 2118 Ioannes
838 2052 967 2120 Hudso.
998 2053 1103 2120 denuo

286 2187 360 2231 curn
376 2163 515 2229 editione
529 2163 640 2229 Iacobi
656 2161 814 2230 Gronovii
828 2174 976 2230 accurate
992 2175 1105 2230 contu-

285 2277 325 2341 n
344 2275 637 2340 Heracleaene
659 2299 743 2342 anno
769 2275 869 2356 teau
894 2278 985 2344 caus
1006 2277 1104 2342 oona-

285 2388 383 2454 tionis
398 2410 493 2453 usum
512 2385 606 2452 nobis
621 2387 770 2472 praebuit
783 2387 964 2456 Mauricius
979 2389 1103 2475 Haupt.

286 2498 514 2581 dubitationes,
537 2521 619 2582 quae
634 2497 811 2581 restabant,
834 2523 918 2565 anno
937 2501 1022 2570 1854
1036 2500 1104 2568 Ro·

285 2634 356 2676 mae
379 2610 533 2698 degentes
548 2611 612 2697 ipsi
625 2611 773 2697 inspecto
789 2611 901 2678 codice
917 2613 1081 2680 solvimus.

327 2721 362 2788 Is
387 2721 489 2788 codex
510 2722 613 2788 nitide
636 2723 775 2809 scriptus
799 2733 831 2790 et
853 2726 974 2811 optime
997 2747 1104 2790 serva-

286 2842 339 2898 tus
368 2833 558 2920 compendia
590 2835 746 2902 nonnulla
778 2836 957 2903 litterarum
987 2836 1102 2915 habet;

286 2947 321 3010 in
350 2945 581 3032 orthographia
609 2944 673 3012 sibi
701 2968 766 3012 non
795 2958 939 3014 constat:
973 2946 1104 3014 exhibet

286 3058 372 3122 enim
399 3056 512 3122 affrica
534 3067 567 3123 et
594 3058 712 3141 africa,
740 3061 868 3146 egiptus
892 3069 925 3126 et
952 3068 1102 3148 egyptus,

285 3168 455 3255 paradisus
478 3169 731 3256 etparadysus,
758 3171 836 3236 litus
860 3180 892 3237 et
914 3172 1024 3254 littus,
1046 3171 1103 3238 ad·

285 3279 438 3346 scribitur
460 3289 492 3346 et
514 3281 698 3365 ascribitur,
719 3283 783 3350 alia
805 3281 999 3350 huiusmodi.
