2376 3904
100 1431 112 1476 1
179 1409 210 1479 1.
257 1383 352 1480 Cum
380 1413 464 1478 inter
491 1435 601 1481 omnes
631 1415 776 1482 homines
798 1415 901 1480 socie-

98 1535 112 1580 2
147 1525 248 1582 tatem
271 1516 434 1602 quandam
455 1527 571 1583 natura
593 1520 665 1605 ipsa
687 1518 900 1600 constituerit,
938 1593 943 1602 ι

98 1640 112 1684 a
147 1642 209 1684 neo
237 1621 305 1685 ulla
334 1624 402 1686 sine
430 1623 478 1686 rei
504 1623 557 1686 vel
584 1645 699 1708 operae
729 1621 900 1686 collatione

97 1743 113 1790 4
145 1724 251 1810 possit
272 1733 419 1790 constare
448 1726 601 1808 societas,
628 1727 663 1790 in
690 1724 822 1788 humani
844 1747 902 1811 ge-

97 1851 111 1896 o
146 1829 233 1893 neris
248 1829 435 1893 societatem
449 1852 556 1893 rorum
571 1839 753 1894 nostrarum
767 1851 900 1914 operum

97 1955 111 2001 a
146 1942 179 1998 et
201 1931 381 1999 studiorum
403 1955 468 1998 non
490 1935 654 2000 minimam
675 1941 801 2020 partem
824 1953 900 1996 oon·

97 2057 111 2102 7
145 2038 229 2101 ferre
259 2035 423 2101 debemus.
468 2036 565 2101 immo
592 2047 631 2102 ut
656 2036 838 2122 expressius
867 2044 899 2098 et

96 2161 110 2206 8
146 2141 265 2205 certius
288 2139 405 2221 diram,
427 2140 461 2203 in
483 2139 642 2205 humanae
656 2142 741 2204 vitae
757 2161 899 2203 eommu-

96 2265 110 2310 e
144 2246 275 2309 nionem
295 2244 448 2329 pleraque
463 2255 574 2308 nostra
586 2244 718 2330 negotia
732 2253 765 2307 et
780 2241 898 2322 studia,

43 2433 46 2440 .
81 2369 111 2414 m
146 2349 178 2413 in
190 2356 347 2432 quantum
357 2371 409 2412 res
420 2355 531 2411 nostra
540 2349 662 2433 patitur
673 2357 705 2411 et
715 2347 853 2411 facultas
866 2354 898 2408 et

82 2472 109 2517 11
146 2452 282 2517 seientia
297 2453 521 2531 amministrat,
537 2451 695 2516 collocare
710 2449 874 2514 debemus.

82 2575 110 2620 12
177 2555 209 2623 2.
254 2555 328 2619 Nee
342 2554 405 2619 hoe
420 2578 460 2619 ex
474 2563 585 2620 nostra
599 2554 737 2640 simplici
747 2554 897 2638 opinione

81 2679 109 2724 13
143 2659 351 2746 proferimus,
381 2657 440 2723 sed
469 2683 508 2723 ex
531 2659 735 2742 antiquorum
756 2657 898 2743 philoso-

81 2783 109 2829 14
141 2763 279 2852 phorum
294 2762 496 2843 auctoritate,
517 2774 549 2826 et
563 2763 700 2828 maxime
715 2761 896 2848 divinorum

176 2934 269 2980 codices
285 2931 358 2994 bfmr.

143 3040 156 3085 1
177 3049 260 3085 ornnes
278 3041 388 3084 omittant
405 3053 451 3084 mr.
497 3041 511 3085 2
530 3041 690 3096 constituerit}
708 3039 834 3086 constituit
850 3051 894 3081 mr.

143 3111 157 3155 3
186 3123 258 3168 opere
285 3107 359 3170 bfmr.
394 3109 404 3155 ΙΙ
434 3109 566 3157 collacione
587 3110 614 3172 f.
697 3113 710 3156 7
739 3109 830 3154 caroius
857 3105 894 3166 fr.

143 3181 157 3226 9
185 3180 287 3240 negocia
305 3178 363 3241 bfm.
399 3181 409 3226 ἰΙ
443 3189 524 3228 nostra
542 3195 579 3229 rer
601 3181 661 3228 bmr.
734 3181 764 3226 11
792 3179 895 3225 admini-

141 3258 203 3297 strat
220 3265 265 3296 mr.
321 3252 352 3298 12
381 3251 511 3311 oppinione
530 3267 551 3297 r.
616 3254 648 3299 18
675 3257 711 3300 set
727 3249 772 3311 sm.
799 3250 810 3296 u
833 3250 893 3310 phy·

137 3321 296 3382 looophorum
313 3335 344 3367 m.

693 3406 724 3447 2ss
