2464 3896
287 286 324 341 tt
1044 293 1106 340 110

214 459 218 472 ·
307 461 320 506 1
358 435 515 502 insertum
525 436 694 502 invenistis
705 434 961 520 quodammodo?
975 437 1019 502 ad
1032 462 1110 524 quos

305 565 321 610 a
358 539 476 604 iterum
487 539 655 604 obviantes
668 540 973 626 illialiiphilosophi
987 542 1111 625 dieunt,

307 649 329 714 a
360 666 418 709 nos
433 645 552 710 nostris
567 643 671 708 oculis
685 665 850 727 nunquam
863 645 1014 728 vidimus,
1037 649 1113 730 quia

306 774 321 818 4
359 769 422 813 nee
443 748 639 834 permittitur
659 769 680 812 a
694 746 755 812 deo
770 749 916 816 humanis
930 749 1040 816 videre
1055 751 1112 816 ob-

306 877 321 925 5
358 850 502 917 tutibus:
531 874 606 916 nam
628 852 663 916 iu
684 852 844 938 scriptura
864 855 1001 942 legimus
1025 855 1113 941 quod

306 983 321 1029 e
359 978 458 1042 supra
471 953 610 1020 diximus
623 955 698 1040 quia
711 955 780 1037 „sol
791 979 939 1044 egressus
950 969 1000 1026 est
1014 983 1113 1046 super

307 1087 321 1134 r
358 1069 478 1125 terram
493 1068 528 1124 et
540 1060 628 1126 Loth
641 1061 808 1146 ingressus
822 1071 872 1127 est
882 1060 1016 1150 Segor.“
1051 1065 1113 1152 igi-

304 1189 321 1238 s
358 1174 413 1230 tur
440 1165 677 1251 interrogamus
704 1173 845 1230 vestram
873 1166 1036 1233 solertiam
1064 1178 1112 1249 ut,

306 1295 321 1341 9
360 1267 439 1352 quid
468 1288 571 1353 aquae
599 1268 737 1332 maxime
769 1277 952 1353 puteorum-
971 1271 1113 1357 hyemali

289 1397 321 1443 ιο
357 1381 502 1458 tempore
525 1381 601 1438 suut
617 1370 761 1437 calidae?
784 1382 816 1438 et
830 1375 952 1439 aestiuo
966 1384 1111 1460 tempore

289 1501 319 1547 11
358 1487 472 1543 noctes
487 1477 626 1542 minores
642 1476 785 1540 existunt
799 1487 831 1541 et
846 1477 895 1542 sol
909 1477 1014 1544 moras
1032 1480 1112 1544 facit

290 1605 320 1650 m
356 1603 416 1666 per
438 1602 538 1665 aquas
560 1577 765 1661 ambulando,
787 1579 860 1645 ideo
879 1581 1054 1664 calescunt,
1078 1594 1111 1647 et

289 1707 321 1753 ιε
357 1683 498 1771 hyemali
524 1693 668 1769 tempore
696 1684 833 1750 maiores
862 1684 939 1750 dum
967 1686 1111 1752 existunt

289 1813 321 1857 14
357 1797 469 1854 noctes
492 1788 627 1853 celerius
650 1785 699 1852 sol
714 1808 810 1872 super
829 1810 929 1873 aquas
948 1792 1110 1856 transiens

289 1885 320 1962 is
358 1914 413 1957 eas
437 1892 613 1958 ealefaeere
634 1914 700 1958 non
719 1893 872 1956 oeeurrit
916 1885 1113 1980 quapropter

289 2021 320 2066 m
358 1995 478 2065 dicitur
500 1995 588 2079 quod
609 1994 658 2060 sol
681 1993 742 2060 sub
764 1995 981 2080 profimditate
1010 2001 1111 2082 aqut·

290 2125 320 2170 17
356 2123 429 2164 rum
452 2099 504 2164 dei
527 2101 617 2166 iussu
639 2107 735 2163 nocte
757 2098 932 2185 gradiatur.
971 2123 1032 2188 ego
1053 2100 1111 2166 de-

288 2229 320 2274 18
356 2203 454 2285 nique
475 2203 659 2288 relinquens
674 2203 798 2287 aliquas
812 2203 872 2270 has
886 2204 1110 2271 altereationes

289 2332 319 2376 ra
358 2305 433 2371 dico
453 2305 546 2389 quod
568 2308 748 2373 certissime
768 2331 833 2372 non
847 2307 929 2373 bene
943 2309 1034 2374 solvo
1049 2307 1111 2376 Sa·

359 2476 371 2520 1
405 2475 512 2522 insertum
547 2477 619 2523 oron.
644 2477 669 2522 2.
699 2478 709 2522 u
741 2477 931 2536 quodammodo]
965 2464 1054 2536 quout
1080 2479 1109 2533 Α,

356 2537 438 2609 Qut
455 2553 485 2598 Β.
534 2555 550 2601 4
568 2555 646 2600 videri
658 2553 724 2600 cusu.
745 2554 755 2598 n
779 2555 904 2614 optutibus
916 2555 965 2612 AB,
985 2556 1111 2615 quium

355 2625 491 2672 obtutibus.
563 2625 678 2685 tsupral
698 2623 733 2670 22
749 2625 776 2670 5.
848 2628 862 2672 7
891 2625 974 2684 segor]
992 2625 1061 2685 leger
1078 2626 1108 2684 B,

355 2697 380 2742 in
399 2710 468 2756 segor
486 2696 515 2741 A.
588 2697 812 2752 8vestramlriram
823 2698 851 2743 Α.
930 2698 945 2742 9
969 2695 1068 2742 hiemali
1079 2697 1109 2742 B.

357 2768 469 2812 10-14
503 2772 527 2812 at
549 2767 642 2813 aestivo
658 2768 815 2813 -existunt
835 2769 930 2823 noctes}
960 2765 1018 2812 Ideo
1038 2766 1109 2812 eale-

355 2843 425 2882 scunt
433 2837 540 2896 hyemali
553 2842 668 2896 tempore,
686 2838 786 2897 majores
799 2839 855 2884 dum
869 2838 1068 2884 existuntnoctes
1085 2844 1109 2884 et

355 2907 391 2954 sol
410 2921 489 2954 meras
505 2908 565 2954 facit
583 2921 627 2967 per
638 2921 713 2967 aquas
729 2907 882 2965 ambulando,
900 2913 926 2954 et
939 2909 1031 2954 aestivo
1050 2913 1110 2954 tem·

353 2991 412 3037 pore
429 2984 513 3038 noctes
531 2979 635 3024 minores
647 2979 705 3024 dum
722 2979 831 3025 existunt
842 2979 911 3025 editi:
929 2993 984 3024 sam
1002 2978 1037 3026 sie
1048 2979 1109 3025 Por-

354 3048 471 3094 cium-onus
485 3047 561 3094 iocum
571 3063 660 3094 sanare
672 3051 784 3105 tantast&
803 3052 908 3096 mm
919 3055 954 3095 stt
965 3049 1025 3095 ordo
1038 3052 1109 3095 trium

353 3119 510 3165 membrorum
549 3121 581 3174 1)
608 3119 663 3165 ideo
677 3145 711 3156 -
729 3127 824 3177 noctem
858 3121 889 3177 2)
916 3121 953 3166 sol
972 3151 1006 3160 -
1024 3120 1110 3166 ambu-

351 3189 441 3245 land03
468 3188 500 3244 3)
519 3195 544 3235 et
561 3191 852 3238 aestivo-existumet.
894 3191 1108 3238 lltaeitom.11.
1142 3191 1146 3202 '

357 3261 387 3306 1³
415 3259 513 3306 hiemali
531 3261 561 3306 B.
